<?xml version="1.0" encoding="UTF-8"?>
<!DOCTYPE html PUBLIC "-//W3C//DTD XHTML 1.0 Transitional//EN"
    "http://www.w3.org/TR/xhtml1/DTD/xhtml1-transitional.dtd">
<html xmlns="http://www.w3.org/1999/xhtml" xml:lang="en" lang="en">
 <head>
  <title>
</title>
<meta http-equiv="Content-Type" content="text/html;charset=utf-8" />
  <meta name='ocr-system' content='tesseract 3.04.00' />
  <meta name='ocr-capabilities' content='ocr_page ocr_carea ocr_par ocr_line ocrx_word'/>
</head>
<body>
  <div class='ocr_page' id='page_1' title='image "./fastorumlibrisex01oviduoft_0273.png"; bbox 0 0 1820 3126; ppageno 0'>
   <div class='ocr_carea' id='block_1_1' title="bbox 753 121 1030 157">
    <p class='ocr_par' dir='ltr' id='par_1_1' title="bbox 753 121 1030 157">
     <span class='ocr_line' id='line_1_1' title="bbox 753 121 1030 157; baseline 0 0"><span class='ocrx_word' id='word_1_1' title='bbox 753 121 803 157; x_wconf 88' lang='lat' dir='ltr'>VI</span> <span class='ocrx_word' id='word_1_2' title='bbox 834 125 945 157; x_wconf 84' lang='lat'><strong>132-</strong></span> <span class='ocrx_word' id='word_1_3' title='bbox 952 125 1030 157; x_wconf 83' lang='lat'><strong>182.</strong></span> 
     </span>
    </p>
   </div>
   <div class='ocr_carea' id='block_1_2' title="bbox 1536 120 1672 165">
    <p class='ocr_par' dir='ltr' id='par_1_2' title="bbox 1536 120 1672 165">
     <span class='ocr_line' id='line_1_2' title="bbox 1536 120 1672 165; baseline 0.022 -3"><span class='ocrx_word' id='word_1_4' title='bbox 1536 158 1542 162; x_wconf 82' lang='lat'><strong>.</strong></span> <span class='ocrx_word' id='word_1_5' title='bbox 1586 120 1672 165; x_wconf 77' lang='lat'>257</span> 
     </span>
    </p>
   </div>
   <div class='ocr_carea' id='block_1_3' title="bbox 106 228 1410 757">
    <p class='ocr_par' dir='ltr' id='par_1_3' title="bbox 106 228 1410 757">
     <span class='ocr_line' id='line_1_3' title="bbox 224 228 1410 285; baseline 0.001 -15"><span class='ocrx_word' id='word_1_6' title='bbox 224 242 299 271; x_wconf 91' lang='lat' dir='ltr'>cor</span> <span class='ocrx_word' id='word_1_7' title='bbox 327 243 407 283; x_wconf 92' lang='lat' dir='ltr'>pro</span> <span class='ocrx_word' id='word_1_8' title='bbox 438 228 582 284; x_wconf 90' lang='lat' dir='ltr'>corde,</span> <span class='ocrx_word' id='word_1_9' title='bbox 612 243 781 284; x_wconf 84' lang='lat' dir='ltr'>precor,</span> <span class='ocrx_word' id='word_1_10' title='bbox 810 243 890 285; x_wconf 88' lang='lat' dir='ltr'>pro</span> <span class='ocrx_word' id='word_1_11' title='bbox 921 229 1042 271; x_wconf 89' lang='lat' dir='ltr'>fibris</span> <span class='ocrx_word' id='word_1_12' title='bbox 1075 229 1233 271; x_wconf 76' lang='lat' dir='ltr'>sumite</span> <span class='ocrx_word' id='word_1_13' title='bbox 1264 229 1410 272; x_wconf 88' lang='lat' dir='ltr'>fibras.</span> 
     </span>
     <span class='ocr_line' id='line_1_4' title="bbox 283 287 1311 343; baseline 0.001 -14"><span class='ocrx_word' id='word_1_14' title='bbox 283 287 397 329; x_wconf 88' lang='lat' dir='ltr'>hanc</span> <span class='ocrx_word' id='word_1_15' title='bbox 427 288 618 330; x_wconf 86' lang='lat' dir='ltr'>animam</span> <span class='ocrx_word' id='word_1_16' title='bbox 649 288 773 331; x_wconf 88' lang='lat' dir='ltr'>vobis</span> <span class='ocrx_word' id='word_1_17' title='bbox 805 303 883 343; x_wconf 93' lang='lat' dir='ltr'>pro</span> <span class='ocrx_word' id='word_1_18' title='bbox 917 288 1095 331; x_wconf 87' lang='lat' dir='ltr'>meliore</span> <span class='ocrx_word' id='word_1_19' title='bbox 1126 287 1311 330; x_wconf 85' lang='lat' dir='ltr'>damus&#39;.</span> 
     </span>
     <span class='ocr_line' id='line_1_5' title="bbox 225 344 1327 403; baseline 0.001 -15"><span class='ocrx_word' id='word_1_20' title='bbox 225 344 294 388; x_wconf 82' lang='lat' dir='ltr'>Sic</span> <span class='ocrx_word' id='word_1_21' title='bbox 325 346 400 388; x_wconf 90' lang='lat' dir='ltr'>ubi</span> <span class='ocrx_word' id='word_1_22' title='bbox 431 346 607 398; x_wconf 70' lang='lat' dir='ltr'>libaviiz,</span> <span class='ocrx_word' id='word_1_23' title='bbox 637 349 838 402; x_wconf 75' lang='lat' dir='ltr'>prosecta</span> <span class='ocrx_word' id='word_1_24' title='bbox 869 347 948 390; x_wconf 89' lang='lat' dir='ltr'>sub</span> <span class='ocrx_word' id='word_1_25' title='bbox 980 347 1155 390; x_wconf 75' lang='lat' dir='ltr'>aethere</span> <span class='ocrx_word' id='word_1_26' title='bbox 1185 347 1327 403; x_wconf 69' lang='lat' dir='ltr'>ponit,</span> 
     </span>
     <span class='ocr_line' id='line_1_6' title="bbox 282 405 1316 462; baseline 0.001 -15"><span class='ocrx_word' id='word_1_27' title='bbox 282 405 440 461; x_wconf 91' lang='lat' dir='ltr'>quique</span> <span class='ocrx_word' id='word_1_28' title='bbox 472 405 619 448; x_wconf 64' lang='lat' dir='ltr'>adsint,</span> <span class='ocrx_word' id='word_1_29' title='bbox 651 407 804 462; x_wconf 84' lang='lat' dir='ltr'>sacris,</span> <span class='ocrx_word' id='word_1_30' title='bbox 834 406 1046 462; x_wconf 82' lang='lat' dir='ltr'>respicere</span> <span class='ocrx_word' id='word_1_31' title='bbox 1077 406 1156 448; x_wconf 88' lang='lat' dir='ltr'>illa</span> <span class='ocrx_word' id='word_1_32' title='bbox 1186 409 1316 449; x_wconf 74' lang='lat' dir='ltr'>vet-at.</span> 
     </span>
     <span class='ocr_line' id='line_1_7' title="bbox 106 463 1225 521; baseline 0.002 -16"><span class='ocrx_word' id='word_1_33' title='bbox 106 468 188 506; x_wconf 90' lang='lat'>165</span> <span class='ocrx_word' id='word_1_34' title='bbox 223 463 431 520; x_wconf 85' lang='lat' dir='ltr'>virgaque</span> <span class='ocrx_word' id='word_1_35' title='bbox 461 463 624 507; x_wconf 87' lang='lat' dir='ltr'>Ianalis</span> <span class='ocrx_word' id='word_1_36' title='bbox 657 465 708 507; x_wconf 92' lang='lat' dir='ltr'>de</span> <span class='ocrx_word' id='word_1_37' title='bbox 741 465 868 521; x_wconf 86' lang='lat' dir='ltr'>spina</span> <span class='ocrx_word' id='word_1_38' title='bbox 897 465 1075 520; x_wconf 76' lang='lat' dir='ltr'>ponitur</span> <span class='ocrx_word' id='word_1_39' title='bbox 1107 465 1225 520; x_wconf 83' lang='lat' dir='ltr'>alba,</span> 
     </span>
     <span class='ocr_line' id='line_1_8' title="bbox 283 523 1348 579; baseline 0.001 -14"><span class='ocrx_word' id='word_1_40' title='bbox 283 538 367 578; x_wconf 91' lang='lat' dir='ltr'>qua</span> <span class='ocrx_word' id='word_1_41' title='bbox 399 523 546 566; x_wconf 89' lang='lat' dir='ltr'>lumen</span> <span class='ocrx_word' id='word_1_42' title='bbox 577 524 783 566; x_wconf 76' lang='lat' dir='ltr'><strong>thalamis</strong></span> <span class='ocrx_word' id='word_1_43' title='bbox 816 539 951 579; x_wconf 86' lang='lat' dir='ltr'>parva</span> <span class='ocrx_word' id='word_1_44' title='bbox 981 524 1171 567; x_wconf 74' lang='lat' dir='ltr'>fenestra</span> <span class='ocrx_word' id='word_1_45' title='bbox 1203 524 1348 567; x_wconf 69' lang='lat' dir='ltr'><strong>dabaf..</strong></span> 
     </span>
     <span class='ocr_line' id='line_1_9' title="bbox 221 582 1332 639; baseline 0 -15"><span class='ocrx_word' id='word_1_46' title='bbox 221 584 324 637; x_wconf 60' lang='lat' dir='ltr'>posi}</span> <span class='ocrx_word' id='word_1_47' title='bbox 353 582 460 624; x_wconf 89' lang='lat' dir='ltr'>illud</span> <span class='ocrx_word' id='word_1_48' title='bbox 491 597 571 626; x_wconf 90' lang='lat' dir='ltr'>nec</span> <span class='ocrx_word' id='word_1_49' title='bbox 602 597 704 626; x_wconf 86' lang='lat' dir='ltr'>aves</span> <span class='ocrx_word' id='word_1_50' title='bbox 737 597 868 626; x_wconf 89' lang='lat' dir='ltr'>cunas</span> <span class='ocrx_word' id='word_1_51' title='bbox 898 583 1086 626; x_wconf 83' lang='lat' dir='ltr'>violasse</span> <span class='ocrx_word' id='word_1_52' title='bbox 1116 583 1332 639; x_wconf 79' lang='lat' dir='ltr'>feruntur,</span> 
     </span>
     <span class='ocr_line' id='line_1_10' title="bbox 282 641 1288 698; baseline 0.002 -15"><span class='ocrx_word' id='word_1_53' title='bbox 282 643 326 683; x_wconf 72' lang='lat' dir='ltr'>et</span> <span class='ocrx_word' id='word_1_54' title='bbox 355 641 486 683; x_wconf 73' lang='lat' dir='ltr'>rediit</span> <span class='ocrx_word' id='word_1_55' title='bbox 515 657 669 698; x_wconf 85' lang='lat' dir='ltr'>puero,</span> <span class='ocrx_word' id='word_1_56' title='bbox 700 643 773 697; x_wconf 88' lang='lat' dir='ltr'>qui</span> <span class='ocrx_word' id='word_1_57' title='bbox 805 642 888 684; x_wconf 73' lang='lat' dir='ltr'>fuit</span> <span class='ocrx_word' id='word_1_58' title='bbox 919 644 1038 697; x_wconf 80' lang='lat' dir='ltr'>ante,</span> <span class='ocrx_word' id='word_1_59' title='bbox 1070 642 1200 686; x_wconf 90' lang='lat' dir='ltr'>color.</span> <span class='ocrx_word' id='word_1_60' title='bbox 1233 666 1288 672; x_wconf 89' lang='lat'>—</span> 
     </span>
     <span class='ocr_line' id='line_1_11' title="bbox 219 698 1297 757; baseline 0.002 -16"><span class='ocrx_word' id='word_1_61' title='bbox 219 698 406 755; x_wconf 85' lang='lat' dir='ltr'>Pinguia</span> <span class='ocrx_word' id='word_1_62' title='bbox 439 714 514 742; x_wconf 88' lang='lat' dir='ltr'>cur</span> <span class='ocrx_word' id='word_1_63' title='bbox 540 701 631 743; x_wconf 77' lang='lat' dir='ltr'>illis</span> <span class='ocrx_word' id='word_1_64' title='bbox 665 703 895 757; x_wconf 77' lang='lat' dir='ltr'>gustentur</span> <span class='ocrx_word' id='word_1_65' title='bbox 925 701 1047 743; x_wconf 86' lang='lat' dir='ltr'>larda</span> <span class='ocrx_word' id='word_1_66' title='bbox 1077 701 1297 756; x_wconf 80' lang='lat' dir='ltr'>kalendis,</span> 
     </span>
    </p>
   </div>
   <div class='ocr_carea' id='block_1_4' title="bbox 103 764 187 801">
    <p class='ocr_par' dir='ltr' id='par_1_4' title="bbox 103 764 187 801">
     <span class='ocr_line' id='line_1_12' title="bbox 103 764 187 801; baseline 0.024 -2"><span class='ocrx_word' id='word_1_67' title='bbox 103 764 187 801; x_wconf 86' lang='lat'>170</span> 
     </span>
    </p>
   </div>
   <div class='ocr_carea' id='block_1_5' title="bbox 280 759 1383 816">
    <p class='ocr_par' dir='ltr' id='par_1_5' title="bbox 280 759 1383 816">
     <span class='ocr_line' id='line_1_13' title="bbox 280 759 1383 816; baseline 0.002 -16"><span class='ocrx_word' id='word_1_68' title='bbox 280 759 500 815; x_wconf 79' lang='lat' dir='ltr'>mixtaque</span> <span class='ocrx_word' id='word_1_69' title='bbox 533 775 628 802; x_wconf 89' lang='lat' dir='ltr'>cum</span> <span class='ocrx_word' id='word_1_70' title='bbox 661 760 800 803; x_wconf 86' lang='lat' dir='ltr'>calido</span> <span class='ocrx_word' id='word_1_71' title='bbox 833 760 891 802; x_wconf 79' lang='lat' dir='ltr'>sit</span> <span class='ocrx_word' id='word_1_72' title='bbox 921 759 1024 802; x_wconf 84' lang='lat' dir='ltr'>faba</span> <span class='ocrx_word' id='word_1_73' title='bbox 1054 759 1187 815; x_wconf 87' lang='lat' dir='ltr'>farre,</span> <span class='ocrx_word' id='word_1_74' title='bbox 1218 760 1383 816; x_wconf 78' lang='lat' dir='ltr'>rogas?</span> 
     </span>
    </p>
   </div>
   <div class='ocr_carea' id='block_1_6' title="bbox 103 818 1523 1346">
    <p class='ocr_par' dir='ltr' id='par_1_6' title="bbox 217 818 1523 933">
     <span class='ocr_line' id='line_1_14' title="bbox 217 818 1523 874; baseline 0.001 -14"><span class='ocrx_word' id='word_1_75' title='bbox 217 818 366 860; x_wconf 84' lang='lat' dir='ltr'>Prisca</span> <span class='ocrx_word' id='word_1_76' title='bbox 396 818 476 861; x_wconf 88' lang='lat' dir='ltr'>dea</span> <span class='ocrx_word' id='word_1_77' title='bbox 507 822 574 861; x_wconf 76' lang='lat' dir='ltr'>est</span> <span class='ocrx_word' id='word_1_78' title='bbox 605 819 821 874; x_wconf 63' lang='lat' dir='ltr'>aliturque</span> <span class='ocrx_word' id='word_1_79' title='bbox 853 819 980 873; x_wconf 88' lang='lat' dir='ltr'>cibis,</span> <span class='ocrx_word' id='word_1_80' title='bbox 1012 818 1168 874; x_wconf 90' lang='lat' dir='ltr'>quibus</span> <span class='ocrx_word' id='word_1_81' title='bbox 1201 821 1299 861; x_wconf 81' lang='lat' dir='ltr'>ante</span> <span class='ocrx_word' id='word_1_82' title='bbox 1332 819 1523 874; x_wconf 77' lang='lat' dir='ltr'>solebat,</span> 
     </span>
     <span class='ocr_line' id='line_1_15' title="bbox 276 877 1117 933; baseline 0.002 -15"><span class='ocrx_word' id='word_1_83' title='bbox 276 891 356 919; x_wconf 90' lang='lat' dir='ltr'>nec</span> <span class='ocrx_word' id='word_1_84' title='bbox 386 877 499 933; x_wconf 72' lang='lat' dir='ltr'>petit</span> <span class='ocrx_word' id='word_1_85' title='bbox 531 878 688 920; x_wconf 79' lang='lat' dir='ltr'>ascitas</span> <span class='ocrx_word' id='word_1_86' title='bbox 720 877 941 920; x_wconf 83' lang='lat' dir='ltr'>luxuriosa</span> <span class='ocrx_word' id='word_1_87' title='bbox 972 877 1117 932; x_wconf 83' lang='lat' dir='ltr'>dapes.</span> 
     </span>
    </p>

    <p class='ocr_par' dir='ltr' id='par_1_7' title="bbox 216 935 1353 1050">
     <span class='ocr_line' id='line_1_16' title="bbox 216 935 1353 992; baseline 0 -14"><span class='ocrx_word' id='word_1_88' title='bbox 216 936 347 991; x_wconf 88' lang='lat' dir='ltr'>piscis</span> <span class='ocrx_word' id='word_1_89' title='bbox 382 936 520 979; x_wconf 90' lang='lat' dir='ltr'>adhuc</span> <span class='ocrx_word' id='word_1_90' title='bbox 551 937 615 979; x_wconf 91' lang='lat' dir='ltr'>illi</span> <span class='ocrx_word' id='word_1_91' title='bbox 646 936 811 992; x_wconf 92' lang='lat' dir='ltr'>populo</span> <span class='ocrx_word' id='word_1_92' title='bbox 845 937 938 979; x_wconf 90' lang='lat' dir='ltr'>sine</span> <span class='ocrx_word' id='word_1_93' title='bbox 970 936 1120 978; x_wconf 89' lang='lat' dir='ltr'>fraude</span> <span class='ocrx_word' id='word_1_94' title='bbox 1150 935 1353 992; x_wconf 72' lang='lat' dir='ltr'>natabat,</span> 
     </span>
     <span class='ocr_line' id='line_1_17' title="bbox 279 995 1199 1050; baseline 0.002 -14"><span class='ocrx_word' id='word_1_95' title='bbox 279 998 506 1050; x_wconf 73' lang='lat' dir='ltr'>ostreaque</span> <span class='ocrx_word' id='word_1_96' title='bbox 538 996 584 1038; x_wconf 91' lang='lat' dir='ltr'>in</span> <span class='ocrx_word' id='word_1_97' title='bbox 614 995 790 1038; x_wconf 87' lang='lat' dir='ltr'>conchis</span> <span class='ocrx_word' id='word_1_98' title='bbox 821 997 917 1037; x_wconf 73' lang='lat' dir='ltr'>tuta</span> <span class='ocrx_word' id='word_1_99' title='bbox 947 995 1066 1037; x_wconf 87' lang='lat' dir='ltr'>fuere</span> <span class='ocrx_word' id='word_1_100' title='bbox 1098 996 1199 1038; x_wconf 87' lang='lat' dir='ltr'>suis.</span> 
     </span>
    </p>

    <p class='ocr_par' dir='ltr' id='par_1_8' title="bbox 103 1053 1378 1110">
     <span class='ocr_line' id='line_1_18' title="bbox 103 1053 1378 1110; baseline 0 -14"><span class='ocrx_word' id='word_1_101' title='bbox 103 1059 185 1097; x_wconf 83' lang='lat'>175</span> <span class='ocrx_word' id='word_1_102' title='bbox 217 1068 298 1096; x_wconf 88' lang='lat' dir='ltr'>nec</span> <span class='ocrx_word' id='word_1_103' title='bbox 328 1053 502 1097; x_wconf 80' lang='lat' dir='ltr'>Latium</span> <span class='ocrx_word' id='word_1_104' title='bbox 533 1057 678 1110; x_wconf 74' lang='lat' dir='ltr'>norat,</span> <span class='ocrx_word' id='word_1_105' title='bbox 711 1069 840 1110; x_wconf 91' lang='lat' dir='ltr'>quam</span> <span class='ocrx_word' id='word_1_106' title='bbox 871 1054 1052 1110; x_wconf 72' lang='lat' dir='ltr'>praebet</span> <span class='ocrx_word' id='word_1_107' title='bbox 1082 1053 1207 1097; x_wconf 84' lang='lat' dir='ltr'>Ionia</span> <span class='ocrx_word' id='word_1_108' title='bbox 1238 1054 1378 1109; x_wconf 85' lang='lat' dir='ltr'>dives,</span> 
     </span>
    </p>

    <p class='ocr_par' dir='ltr' id='par_1_9' title="bbox 276 1113 1371 1169">
     <span class='ocr_line' id='line_1_19' title="bbox 276 1113 1371 1169; baseline 0 -14"><span class='ocrx_word' id='word_1_109' title='bbox 276 1127 354 1155; x_wconf 89' lang='lat' dir='ltr'>nec</span> <span class='ocrx_word' id='word_1_110' title='bbox 386 1128 494 1168; x_wconf 86' lang='lat' dir='ltr'>quae</span> <span class='ocrx_word' id='word_1_111' title='bbox 526 1113 748 1169; x_wconf 86' lang='lat' dir='ltr'>Pygmaeo</span> <span class='ocrx_word' id='word_1_112' title='bbox 782 1114 993 1169; x_wconf 87' lang='lat' dir='ltr'>sanguine</span> <span class='ocrx_word' id='word_1_113' title='bbox 1025 1113 1204 1169; x_wconf 72' lang='lat' dir='ltr'>gaudet,</span> <span class='ocrx_word' id='word_1_114' title='bbox 1237 1127 1371 1156; x_wconf 85' lang='lat' dir='ltr'>avem.</span> 
     </span>
    </p>

    <p class='ocr_par' dir='ltr' id='par_1_10' title="bbox 218 1172 1325 1287">
     <span class='ocr_line' id='line_1_20' title="bbox 218 1172 1325 1228; baseline 0.001 -15"><span class='ocrx_word' id='word_1_115' title='bbox 218 1173 262 1214; x_wconf 66' lang='lat' dir='ltr'>ei}</span> <span class='ocrx_word' id='word_1_116' title='bbox 292 1175 465 1228; x_wconf 82' lang='lat' dir='ltr'>praeter</span> <span class='ocrx_word' id='word_1_117' title='bbox 495 1172 652 1228; x_wconf 83' lang='lat' dir='ltr'>pinnas</span> <span class='ocrx_word' id='word_1_118' title='bbox 683 1172 794 1215; x_wconf 90' lang='lat' dir='ltr'>nihil</span> <span class='ocrx_word' id='word_1_119' title='bbox 825 1173 871 1214; x_wconf 90' lang='lat' dir='ltr'>in</span> <span class='ocrx_word' id='word_1_120' title='bbox 901 1187 1069 1228; x_wconf 84' lang='lat' dir='ltr'>pavone</span> <span class='ocrx_word' id='word_1_121' title='bbox 1100 1172 1325 1228; x_wconf 72' lang='lat' dir='ltr'>placebat,</span> 
     </span>
     <span class='ocr_line' id='line_1_21' title="bbox 276 1231 1203 1287; baseline 0.001 -15"><span class='ocrx_word' id='word_1_122' title='bbox 276 1245 354 1273; x_wconf 88' lang='lat' dir='ltr'>nec</span> <span class='ocrx_word' id='word_1_123' title='bbox 386 1231 517 1273; x_wconf 75' lang='lat' dir='ltr'>tellus</span> <span class='ocrx_word' id='word_1_124' title='bbox 550 1234 700 1287; x_wconf 77' lang='lat' dir='ltr'>captas</span> <span class='ocrx_word' id='word_1_125' title='bbox 732 1232 911 1274; x_wconf 66' lang='lat' dir='ltr'>miserat</span> <span class='ocrx_word' id='word_1_126' title='bbox 943 1233 1044 1274; x_wconf 78' lang='lat' dir='ltr'>ante</span> <span class='ocrx_word' id='word_1_127' title='bbox 1075 1231 1203 1274; x_wconf 86' lang='lat' dir='ltr'>feras.</span> 
     </span>
    </p>

    <p class='ocr_par' dir='ltr' id='par_1_11' title="bbox 217 1290 1341 1346">
     <span class='ocr_line' id='line_1_22' title="bbox 217 1290 1341 1346; baseline 0.001 -14"><span class='ocrx_word' id='word_1_128' title='bbox 217 1304 290 1332; x_wconf 91' lang='lat' dir='ltr'>sus</span> <span class='ocrx_word' id='word_1_129' title='bbox 323 1292 416 1332; x_wconf 70' lang='lat' dir='ltr'>erat</span> <span class='ocrx_word' id='word_1_130' title='bbox 445 1290 491 1332; x_wconf 92' lang='lat' dir='ltr'>in</span> <span class='ocrx_word' id='word_1_131' title='bbox 523 1291 687 1346; x_wconf 81' lang='lat' dir='ltr'>pretio,</span> <span class='ocrx_word' id='word_1_132' title='bbox 717 1304 843 1333; x_wconf 85' lang='lat' dir='ltr'>caesa</span> <span class='ocrx_word' id='word_1_133' title='bbox 874 1305 948 1332; x_wconf 87' lang='lat' dir='ltr'>sue</span> <span class='ocrx_word' id='word_1_134' title='bbox 979 1290 1095 1332; x_wconf 76' lang='lat' dir='ltr'>festa</span> <span class='ocrx_word' id='word_1_135' title='bbox 1126 1290 1341 1333; x_wconf 68' lang='lat' dir='ltr'>colebant.</span> 
     </span>
    </p>
   </div>
   <div class='ocr_carea' id='block_1_7' title="bbox 100 1353 185 1391">
    <p class='ocr_par' dir='ltr' id='par_1_12' title="bbox 100 1353 185 1391">
     <span class='ocr_line' id='line_1_23' title="bbox 100 1353 185 1391; baseline 0 -1"><span class='ocrx_word' id='word_1_136' title='bbox 100 1353 185 1391; x_wconf 81' lang='lat'>180</span> 
     </span>
    </p>
   </div>
   <div class='ocr_carea' id='block_1_8' title="bbox 275 1349 1297 1405">
    <p class='ocr_par' dir='ltr' id='par_1_13' title="bbox 275 1349 1297 1405">
     <span class='ocr_line' id='line_1_24' title="bbox 275 1349 1297 1405; baseline 0.001 -15"><span class='ocrx_word' id='word_1_137' title='bbox 275 1351 392 1391; x_wconf 75' lang='lat' dir='ltr'>terra</span> <span class='ocrx_word' id='word_1_138' title='bbox 424 1349 549 1392; x_wconf 84' lang='lat' dir='ltr'>fabas</span> <span class='ocrx_word' id='word_1_139' title='bbox 581 1352 754 1391; x_wconf 76' lang='lat' dir='ltr'>tantum</span> <span class='ocrx_word' id='word_1_140' title='bbox 786 1349 974 1405; x_wconf 89' lang='lat' dir='ltr'>duraque</span> <span class='ocrx_word' id='word_1_141' title='bbox 1006 1349 1123 1391; x_wconf 85' lang='lat' dir='ltr'>farra</span> <span class='ocrx_word' id='word_1_142' title='bbox 1154 1349 1297 1392; x_wconf 75' lang='lat' dir='ltr'>dabat.</span> 
     </span>
    </p>
   </div>
   <div class='ocr_carea' id='block_1_9' title="bbox 190 1407 1451 1523">
    <p class='ocr_par' dir='ltr' id='par_1_14' title="bbox 190 1407 1451 1523">
     <span class='ocr_line' id='line_1_25' title="bbox 217 1407 1451 1464; baseline 0.001 -14"><span class='ocrx_word' id='word_1_143' title='bbox 217 1422 325 1463; x_wconf 89' lang='lat' dir='ltr'>quae</span> <span class='ocrx_word' id='word_1_144' title='bbox 358 1407 440 1450; x_wconf 91' lang='lat' dir='ltr'>duo</span> <span class='ocrx_word' id='word_1_145' title='bbox 471 1408 609 1451; x_wconf 71' lang='lat' dir='ltr'>mixta</span> <span class='ocrx_word' id='word_1_146' title='bbox 640 1409 768 1450; x_wconf 88' lang='lat' dir='ltr'>simul</span> <span class='ocrx_word' id='word_1_147' title='bbox 801 1409 934 1450; x_wconf 75' lang='lat' dir='ltr'>sextis</span> <span class='ocrx_word' id='word_1_148' title='bbox 967 1409 1223 1464; x_wconf 89' lang='lat' dir='ltr'>quicumque</span> <span class='ocrx_word' id='word_1_149' title='bbox 1254 1408 1451 1451; x_wconf 85' lang='lat' dir='ltr'>kalendis</span> 
     </span>
     <span class='ocr_line' id='line_1_26' title="bbox 190 1466 1351 1523; baseline 0.001 -15"><span class='ocrx_word' id='word_1_150' title='bbox 190 1487 198 1488; x_wconf 29' lang='lat' dir='ltr'><em>ff</em></span> <span class='ocrx_word' id='word_1_151' title='bbox 275 1466 427 1522; x_wconf 76' lang='lat' dir='ltr'>ederit,</span> <span class='ocrx_word' id='word_1_152' title='bbox 457 1466 558 1510; x_wconf 92' lang='lat' dir='ltr'>huic</span> <span class='ocrx_word' id='word_1_153' title='bbox 587 1467 703 1510; x_wconf 87' lang='lat' dir='ltr'>laedi</span> <span class='ocrx_word' id='word_1_154' title='bbox 734 1467 900 1510; x_wconf 84' lang='lat' dir='ltr'>viscera</span> <span class='ocrx_word' id='word_1_155' title='bbox 929 1481 1058 1523; x_wconf 85' lang='lat' dir='ltr'>posse</span> <span class='ocrx_word' id='word_1_156' title='bbox 1089 1469 1263 1523; x_wconf 74' lang='lat' dir='ltr'>negant.</span> <span class='ocrx_word' id='word_1_157' title='bbox 1295 1491 1351 1498; x_wconf 92' lang='lat'><strong>—</strong></span> 
     </span>
    </p>
   </div>
   <div class='ocr_carea' id='block_1_10' title="bbox 92 1570 843 1891">
    <p class='ocr_par' dir='ltr' id='par_1_15' title="bbox 92 1570 843 1891">
     <span class='ocr_line' id='line_1_27' title="bbox 145 1570 842 1618; baseline 0 -11"><span class='ocrx_word' id='word_1_158' title='bbox 145 1575 224 1607; x_wconf 92' lang='lat'><strong>161.</strong></span> <span class='ocrx_word' id='word_1_159' title='bbox 251 1582 312 1607; x_wconf 86' lang='lat' dir='ltr'>cor</span> <span class='ocrx_word' id='word_1_160' title='bbox 325 1582 397 1618; x_wconf 76' lang='lat' dir='ltr'>pro</span> <span class='ocrx_word' id='word_1_161' title='bbox 417 1572 539 1608; x_wconf 87' lang='lat' dir='ltr'>eorde:</span> <span class='ocrx_word' id='word_1_162' title='bbox 564 1570 606 1607; x_wconf 94' lang='lat' dir='ltr'>O.</span> <span class='ocrx_word' id='word_1_163' title='bbox 626 1571 736 1608; x_wconf 73' lang='lat' dir='ltr'>leitet</span> <span class='ocrx_word' id='word_1_164' title='bbox 753 1571 842 1608; x_wconf 47' lang='lat' dir='ltr'>‘hier</span> 
     </span>
     <span class='ocr_line' id='line_1_28' title="bbox 95 1618 842 1665; baseline 0.003 -12"><span class='ocrx_word' id='word_1_165' title='bbox 95 1618 168 1655; x_wconf 87' lang='lat' dir='ltr'>den</span> <span class='ocrx_word' id='word_1_166' title='bbox 199 1618 344 1655; x_wconf 85' lang='lat' dir='ltr'>Namen</span> <span class='ocrx_word' id='word_1_167' title='bbox 378 1619 500 1654; x_wconf 79' lang='lat' dir='ltr'>Cama</span> <span class='ocrx_word' id='word_1_168' title='bbox 536 1629 611 1654; x_wconf 89' lang='lat' dir='ltr'>von</span> <span class='ocrx_word' id='word_1_169' title='bbox 647 1630 709 1655; x_wconf 86' lang='lat' dir='ltr'>cor</span> <span class='ocrx_word' id='word_1_170' title='bbox 739 1620 842 1665; x_wconf 82' lang='grc' dir='ltr'><strong>(καρ-</strong></span> 
     </span>
     <span class='ocr_line' id='line_1_29' title="bbox 96 1666 841 1711; baseline 0 -9"><span class='ocrx_word' id='word_1_171' title='bbox 96 1667 174 1711; x_wconf 79' lang='grc' dir='ltr'>δία)</span> <span class='ocrx_word' id='word_1_172' title='bbox 213 1666 272 1703; x_wconf 85' lang='lat' dir='ltr'><strong>ab.</strong></span> <span class='ocrx_word' id='word_1_173' title='bbox 311 1686 356 1692; x_wconf 91' lang='lat'>—</span> <span class='ocrx_word' id='word_1_174' title='bbox 392 1667 524 1711; x_wconf 71' lang='lat' dir='ltr'>fibras.-</span> <span class='ocrx_word' id='word_1_175' title='bbox 561 1679 590 1701; x_wconf 89' lang='lat' dir='ltr'>z.</span> <span class='ocrx_word' id='word_1_176' title='bbox 622 1666 763 1703; x_wconf 83' lang='lat'><strong>11681.</strong></span> <span class='ocrx_word' id='word_1_177' title='bbox 797 1687 841 1693; x_wconf 92' lang='lat'>—</span> 
     </span>
     <span class='ocr_line' id='line_1_30' title="bbox 96 1712 841 1759; baseline -0.001 -9"><span class='ocrx_word' id='word_1_178' title='bbox 96 1718 175 1750; x_wconf 90' lang='lat'><strong>163.</strong></span> <span class='ocrx_word' id='word_1_179' title='bbox 213 1717 408 1759; x_wconf 76' lang='lat' dir='ltr'>prosecta:</span> <span class='ocrx_word' id='word_1_180' title='bbox 448 1726 477 1749; x_wconf 88' lang='grc'>8.</span> <span class='ocrx_word' id='word_1_181' title='bbox 522 1712 672 1749; x_wconf 75' lang='lat' dir='ltr'>Einleit.</span> <span class='ocrx_word' id='word_1_182' title='bbox 718 1712 754 1749; x_wconf 87' lang='lat' dir='ltr'>S.</span> <span class='ocrx_word' id='word_1_183' title='bbox 796 1717 841 1749; x_wconf 83' lang='lat'>29</span> 
     </span>
     <span class='ocr_line' id='line_1_31' title="bbox 93 1759 842 1797; baseline 0.003 -3"><span class='ocrx_word' id='word_1_184' title='bbox 93 1761 201 1795; x_wconf 89' lang='lat' dir='ltr'><strong>Anm.</strong></span> <span class='ocrx_word' id='word_1_185' title='bbox 229 1763 261 1796; x_wconf 90' lang='lat'>1.</span> <span class='ocrx_word' id='word_1_186' title='bbox 287 1780 333 1787; x_wconf 91' lang='lat'><strong>—</strong></span> <span class='ocrx_word' id='word_1_187' title='bbox 361 1763 439 1796; x_wconf 85' lang='lat'><strong>164.</strong></span> <span class='ocrx_word' id='word_1_188' title='bbox 466 1772 494 1797; x_wconf 87' lang='grc'>8.</span> <span class='ocrx_word' id='word_1_189' title='bbox 517 1759 552 1795; x_wconf 92' lang='lat' dir='ltr'><strong>V</strong></span> <span class='ocrx_word' id='word_1_190' title='bbox 574 1763 656 1797; x_wconf 86' lang='grc'><strong>439.</strong></span> <span class='ocrx_word' id='word_1_191' title='bbox 684 1782 728 1787; x_wconf 90' lang='grc'>-</span> <span class='ocrx_word' id='word_1_192' title='bbox 762 1764 842 1797; x_wconf 89' lang='grc'><strong>165.</strong></span> 
     </span>
     <span class='ocr_line' id='line_1_32' title="bbox 93 1807 843 1852; baseline -0.001 -8"><span class='ocrx_word' id='word_1_193' title='bbox 93 1819 125 1844; x_wconf 83' lang='lat' dir='ltr'><strong>v.</strong></span> <span class='ocrx_word' id='word_1_194' title='bbox 154 1808 324 1852; x_wconf 80' lang='lat' dir='ltr'>Ianalis,</span> <span class='ocrx_word' id='word_1_195' title='bbox 350 1807 436 1843; x_wconf 89' lang='lat' dir='ltr'>weil</span> <span class='ocrx_word' id='word_1_196' title='bbox 461 1807 523 1843; x_wconf 85' lang='lat' dir='ltr'>ein</span> <span class='ocrx_word' id='word_1_197' title='bbox 548 1807 747 1844; x_wconf 88' lang='lat' dir='ltr'>Geschenk</span> <span class='ocrx_word' id='word_1_198' title='bbox 779 1808 843 1843; x_wconf 85' lang='lat' dir='ltr'>des</span> 
     </span>
     <span class='ocr_line' id='line_1_33' title="bbox 92 1856 221 1891; baseline 0 0"><span class='ocrx_word' id='word_1_199' title='bbox 92 1856 221 1891; x_wconf 85' lang='lat' dir='ltr'>Janus.</span> 
     </span>
    </p>
   </div>
   <div class='ocr_carea' id='block_1_11' title="bbox 93 1925 840 2161">
    <p class='ocr_par' dir='ltr' id='par_1_16' title="bbox 93 1925 840 2161">
     <span class='ocr_line' id='line_1_34' title="bbox 143 1925 840 1971; baseline 0 -10"><span class='ocrx_word' id='word_1_200' title='bbox 143 1929 223 1961; x_wconf 88' lang='grc'><strong>168.</strong></span> <span class='ocrx_word' id='word_1_201' title='bbox 263 1927 329 1971; x_wconf 78' lang='lat' dir='ltr'>qui</span> <span class='ocrx_word' id='word_1_202' title='bbox 351 1926 428 1970; x_wconf 81' lang='lat' dir='ltr'>fuit</span> <span class='ocrx_word' id='word_1_203' title='bbox 459 1929 545 1961; x_wconf 78' lang='lat' dir='ltr'>ante</span> <span class='ocrx_word' id='word_1_204' title='bbox 575 1925 696 1962; x_wconf 77' lang='lat' dir='ltr'>iibers.</span> <span class='ocrx_word' id='word_1_205' title='bbox 723 1925 840 1962; x_wconf 88' lang='lat' dir='ltr'>durch</span> 
     </span>
     <span class='ocr_line' id='line_1_35' title="bbox 94 1971 840 2019; baseline -0.001 -11"><span class='ocrx_word' id='word_1_206' title='bbox 94 1973 156 2009; x_wconf 89' lang='lat' dir='ltr'>ein</span> <span class='ocrx_word' id='word_1_207' title='bbox 169 1973 362 2019; x_wconf 81' lang='lat' dir='ltr'>Adjektiv.</span> <span class='ocrx_word' id='word_1_208' title='bbox 379 1994 423 1999; x_wconf 91' lang='lat'>—</span> <span class='ocrx_word' id='word_1_209' title='bbox 446 1976 524 2009; x_wconf 90' lang='lat'><strong>169.</strong></span> <span class='ocrx_word' id='word_1_210' title='bbox 538 1971 608 2009; x_wconf 89' lang='lat' dir='ltr'>Die</span> <span class='ocrx_word' id='word_1_211' title='bbox 628 1984 677 2008; x_wconf 89' lang='lat' dir='ltr'>an</span> <span class='ocrx_word' id='word_1_212' title='bbox 698 1973 840 2009; x_wconf 88' lang='lat' dir='ltr'>diesem</span> 
     </span>
     <span class='ocr_line' id='line_1_36' title="bbox 96 2019 838 2067; baseline -0.001 -11"><span class='ocrx_word' id='word_1_213' title='bbox 96 2021 199 2067; x_wconf 82' lang='lat' dir='ltr'>Tage</span> <span class='ocrx_word' id='word_1_214' title='bbox 219 2021 443 2066; x_wconf 75' lang='lat' dir='ltr'>gekosteten</span> <span class='ocrx_word' id='word_1_215' title='bbox 461 2019 615 2065; x_wconf 84' lang='lat' dir='ltr'>Speisen</span> <span class='ocrx_word' id='word_1_216' title='bbox 633 2020 763 2066; x_wconf 77' lang='lat' dir='ltr'>galten</span> <span class='ocrx_word' id='word_1_217' title='bbox 782 2021 838 2056; x_wconf 79' lang='lat' dir='ltr'>als</span> 
     </span>
     <span class='ocr_line' id='line_1_37' title="bbox 93 2066 839 2113; baseline -0.001 -10"><span class='ocrx_word' id='word_1_218' title='bbox 93 2067 160 2104; x_wconf 89' lang='lat' dir='ltr'>der</span> <span class='ocrx_word' id='word_1_219' title='bbox 195 2066 429 2103; x_wconf 72' lang='lat' dir='ltr'>Gesundheit</span> <span class='ocrx_word' id='word_1_220' title='bbox 466 2069 514 2113; x_wconf 89' lang='lat' dir='ltr'><strong>(s.</strong></span> <span class='ocrx_word' id='word_1_221' title='bbox 541 2079 575 2103; x_wconf 88' lang='lat' dir='ltr'>v.</span> <span class='ocrx_word' id='word_1_222' title='bbox 603 2071 668 2103; x_wconf 91' lang='lat'>181</span> <span class='ocrx_word' id='word_1_223' title='bbox 690 2066 739 2113; x_wconf 87' lang='lat' dir='ltr'><strong>f.)</strong></span> <span class='ocrx_word' id='word_1_224' title='bbox 777 2080 839 2103; x_wconf 89' lang='lat' dir='ltr'>zu-</span> 
     </span>
     <span class='ocr_line' id='line_1_38' title="bbox 95 2115 552 2161; baseline 0.004 -11"><span class='ocrx_word' id='word_1_225' title='bbox 95 2115 271 2161; x_wconf 67' lang='lat' dir='ltr'>traglich‚</span> <span class='ocrx_word' id='word_1_226' title='bbox 298 2127 325 2151; x_wconf 86' lang='grc'>8.</span> <span class='ocrx_word' id='word_1_227' title='bbox 352 2127 383 2151; x_wconf 89' lang='lat' dir='ltr'>z.</span> <span class='ocrx_word' id='word_1_228' title='bbox 409 2127 442 2151; x_wconf 88' lang='lat' dir='ltr'>v.</span> <span class='ocrx_word' id='word_1_229' title='bbox 471 2118 552 2152; x_wconf 92' lang='grc'><strong>101.</strong></span> 
     </span>
    </p>
   </div>
   <div class='ocr_carea' id='block_1_12' title="bbox 92 2186 842 2940">
    <p class='ocr_par' dir='ltr' id='par_1_17' title="bbox 92 2186 842 2940">
     <span class='ocr_line' id='line_1_39' title="bbox 143 2186 840 2223; baseline -0.001 -1"><span class='ocrx_word' id='word_1_230' title='bbox 143 2189 222 2222; x_wconf 92' lang='grc'><strong>171.</strong></span> <span class='ocrx_word' id='word_1_231' title='bbox 248 2186 385 2222; x_wconf 84' lang='lat' dir='ltr'>solebat</span> <span class='ocrx_word' id='word_1_232' title='bbox 409 2198 458 2223; x_wconf 89' lang='grc'>80.</span> <span class='ocrx_word' id='word_1_233' title='bbox 485 2186 548 2222; x_wconf 82' lang='lat' dir='ltr'>ali.</span> <span class='ocrx_word' id='word_1_234' title='bbox 569 2206 613 2212; x_wconf 90' lang='lat'>—</span> <span class='ocrx_word' id='word_1_235' title='bbox 642 2189 720 2221; x_wconf 79' lang='grc'><strong>172.</strong></span> <span class='ocrx_word' id='word_1_236' title='bbox 747 2186 840 2222; x_wconf 84' lang='lat' dir='ltr'>asci-</span> 
     </span>
     <span class='ocr_line' id='line_1_40' title="bbox 92 2233 841 2278; baseline -0.003 -9"><span class='ocrx_word' id='word_1_237' title='bbox 92 2236 170 2277; x_wconf 82' lang='lat' dir='ltr'>tas,</span> <span class='ocrx_word' id='word_1_238' title='bbox 199 2233 428 2278; x_wconf 73' lang='lat' dir='ltr'>peregrinae.</span> <span class='ocrx_word' id='word_1_239' title='bbox 478 2233 554 2268; x_wconf 87' lang='lat' dir='ltr'>Das</span> <span class='ocrx_word' id='word_1_240' title='bbox 587 2233 744 2268; x_wconf 78' lang='lat' dir='ltr'>Stroben</span> <span class='ocrx_word' id='word_1_241' title='bbox 775 2233 841 2268; x_wconf 90' lang='lat' dir='ltr'>der</span> 
     </span>
     <span class='ocr_line' id='line_1_41' title="bbox 93 2279 840 2316; baseline -0.001 -1"><span class='ocrx_word' id='word_1_242' title='bbox 93 2280 308 2316; x_wconf 69' lang='lat' dir='ltr'>luxuriosen</span> <span class='ocrx_word' id='word_1_243' title='bbox 325 2279 463 2316; x_wconf 60' lang='grc'><strong>111511181-</strong></span> <span class='ocrx_word' id='word_1_244' title='bbox 486 2291 553 2315; x_wconf 83' lang='lat' dir='ltr'>aus</span> <span class='ocrx_word' id='word_1_245' title='bbox 578 2280 651 2315; x_wconf 91' lang='lat' dir='ltr'>den</span> <span class='ocrx_word' id='word_1_246' title='bbox 676 2279 840 2316; x_wconf 62' lang='grc'><strong>8111318111-</strong></span> 
     </span>
     <span class='ocr_line' id='line_1_42' title="bbox 92 2326 842 2364; baseline -0.004 0"><span class='ocrx_word' id='word_1_247' title='bbox 92 2329 218 2364; x_wconf 72' lang='lat' dir='ltr'>testen</span> <span class='ocrx_word' id='word_1_248' title='bbox 254 2327 428 2364; x_wconf 59' lang='lat' dir='ltr'>Landern</span> <span class='ocrx_word' id='word_1_249' title='bbox 463 2326 543 2362; x_wconf 86' lang='lat' dir='ltr'>sich</span> <span class='ocrx_word' id='word_1_250' title='bbox 574 2326 842 2362; x_wconf 83' lang='lat' dir='ltr'>Leckerbissen</span> 
     </span>
     <span class='ocr_line' id='line_1_43' title="bbox 92 2372 840 2419; baseline -0.003 -9"><span class='ocrx_word' id='word_1_251' title='bbox 92 2375 267 2411; x_wconf 88' lang='lat' dir='ltr'>kommen</span> <span class='ocrx_word' id='word_1_252' title='bbox 305 2385 349 2409; x_wconf 86' lang='lat' dir='ltr'>zu</span> <span class='ocrx_word' id='word_1_253' title='bbox 384 2373 528 2418; x_wconf 87' lang='lat' dir='ltr'>lassen,</span> <span class='ocrx_word' id='word_1_254' title='bbox 565 2372 658 2419; x_wconf 87' lang='lat' dir='ltr'>ging</span> <span class='ocrx_word' id='word_1_255' title='bbox 695 2373 840 2409; x_wconf 80' lang='lat' dir='ltr'>damals</span> 
     </span>
     <span class='ocr_line' id='line_1_44' title="bbox 92 2420 841 2467; baseline -0.001 -10"><span class='ocrx_word' id='word_1_256' title='bbox 92 2422 151 2457; x_wconf 89' lang='grc'><strong>1118</strong></span> <span class='ocrx_word' id='word_1_257' title='bbox 173 2422 258 2467; x_wconf 88' lang='lat' dir='ltr'>Ung</span> <span class='ocrx_word' id='word_1_258' title='bbox 260 2421 459 2457; x_wconf 89' lang='lat' dir='ltr'>laubliche.</span> <span class='ocrx_word' id='word_1_259' title='bbox 494 2420 529 2456; x_wconf 88' lang='lat' dir='ltr'>S.</span> <span class='ocrx_word' id='word_1_260' title='bbox 550 2420 611 2456; x_wconf 85' lang='lat' dir='ltr'>die</span> <span class='ocrx_word' id='word_1_261' title='bbox 631 2420 748 2456; x_wconf 76' lang='lat' dir='ltr'>stelle</span> <span class='ocrx_word' id='word_1_262' title='bbox 776 2421 841 2456; x_wconf 89' lang='lat' dir='ltr'>des</span> 
     </span>
     <span class='ocr_line' id='line_1_45' title="bbox 93 2464 841 2512; baseline -0.004 -7"><span class='ocrx_word' id='word_1_263' title='bbox 93 2469 212 2505; x_wconf 80' lang='lat' dir='ltr'>Varro</span> <span class='ocrx_word' id='word_1_264' title='bbox 244 2479 312 2503; x_wconf 83' lang='lat' dir='ltr'>aus</span> <span class='ocrx_word' id='word_1_265' title='bbox 345 2468 467 2504; x_wconf 86' lang='lat' dir='ltr'>seiner</span> <span class='ocrx_word' id='word_1_266' title='bbox 493 2467 615 2503; x_wconf 77' lang='lat' dir='ltr'>Satire</span> <span class='ocrx_word' id='word_1_267' title='bbox 646 2468 733 2512; x_wconf 81' lang='grc' dir='ltr'><em>περὶ</em></span> <span class='ocrx_word' id='word_1_268' title='bbox 759 2464 841 2502; x_wconf 79' lang='grc' dir='ltr'><strong><em>ἐδε-</em></strong></span> 
     </span>
     <span class='ocr_line' id='line_1_46' title="bbox 94 2514 841 2562; baseline -0.005 -10"><span class='ocrx_word' id='word_1_269' title='bbox 94 2514 244 2562; x_wconf 76' lang='grc' dir='ltr'><em>σμάτων</em></span> <span class='ocrx_word' id='word_1_270' title='bbox 278 2514 341 2551; x_wconf 91' lang='lat' dir='ltr'>bei</span> <span class='ocrx_word' id='word_1_271' title='bbox 373 2514 631 2551; x_wconf 73' lang='lat' dir='ltr'><strong>Ge11.n.Att.</strong></span> <span class='ocrx_word' id='word_1_272' title='bbox 658 2515 711 2550; x_wconf 91' lang='lat' dir='ltr'>VI</span> <span class='ocrx_word' id='word_1_273' title='bbox 744 2514 841 2560; x_wconf 73' lang='lat' dir='ltr'><strong>(VII)</strong></span> 
     </span>
     <span class='ocr_line' id='line_1_47' title="bbox 97 2562 842 2607; baseline -0.004 -8"><span class='ocrx_word' id='word_1_274' title='bbox 97 2567 152 2601; x_wconf 88' lang='lat'>16.</span> <span class='ocrx_word' id='word_1_275' title='bbox 179 2583 224 2590; x_wconf 94' lang='lat'>-—</span> <span class='ocrx_word' id='word_1_276' title='bbox 257 2566 337 2599; x_wconf 94' lang='grc'><strong>173.</strong></span> <span class='ocrx_word' id='word_1_277' title='bbox 372 2564 451 2599; x_wconf 76' lang='lat' dir='ltr'>sine</span> <span class='ocrx_word' id='word_1_278' title='bbox 474 2563 608 2607; x_wconf 81' lang='lat' dir='ltr'>fraude</span> <span class='ocrx_word' id='word_1_279' title='bbox 632 2566 730 2606; x_wconf 64' lang='lat' dir='ltr'>nat„</span> <span class='ocrx_word' id='word_1_280' title='bbox 754 2562 842 2596; x_wconf 86' lang='lat' dir='ltr'>weil</span> 
     </span>
     <span class='ocr_line' id='line_1_48' title="bbox 94 2609 842 2655; baseline -0.004 -9"><span class='ocrx_word' id='word_1_281' title='bbox 94 2611 148 2646; x_wconf 87' lang='lat' dir='ltr'>sie</span> <span class='ocrx_word' id='word_1_282' title='bbox 186 2610 332 2646; x_wconf 83' lang='lat' dir='ltr'>damals</span> <span class='ocrx_word' id='word_1_283' title='bbox 369 2611 467 2646; x_wconf 91' lang='lat' dir='ltr'>noch</span> <span class='ocrx_word' id='word_1_284' title='bbox 504 2610 612 2645; x_wconf 74' lang='lat' dir='ltr'>nicht</span> <span class='ocrx_word' id='word_1_285' title='bbox 653 2609 842 2655; x_wconf 86' lang='lat' dir='ltr'>gefangen</span> 
     </span>
     <span class='ocr_line' id='line_1_49' title="bbox 92 2656 841 2702; baseline -0.004 -8"><span class='ocrx_word' id='word_1_286' title='bbox 92 2658 263 2702; x_wconf 82' lang='lat' dir='ltr'>wurden3</span> <span class='ocrx_word' id='word_1_287' title='bbox 302 2670 329 2694; x_wconf 94' lang='grc'>8.</span> <span class='ocrx_word' id='word_1_288' title='bbox 361 2658 450 2694; x_wconf 72' lang='lat' dir='ltr'>met.</span> <span class='ocrx_word' id='word_1_289' title='bbox 481 2656 534 2691; x_wconf 94' lang='lat' dir='ltr'>III</span> <span class='ocrx_word' id='word_1_290' title='bbox 565 2660 646 2692; x_wconf 86' lang='lat'><strong>586.</strong></span> <span class='ocrx_word' id='word_1_291' title='bbox 697 2656 841 2692; x_wconf 88' lang='lat' dir='ltr'>Gerade</span> 
     </span>
     <span class='ocr_line' id='line_1_50' title="bbox 93 2703 839 2741; baseline -0.003 -1"><span class='ocrx_word' id='word_1_292' title='bbox 93 2704 165 2740; x_wconf 72' lang='lat' dir='ltr'>mih</span> <span class='ocrx_word' id='word_1_293' title='bbox 219 2705 388 2741; x_wconf 77' lang='lat' dir='ltr'>seltenen</span> <span class='ocrx_word' id='word_1_294' title='bbox 438 2705 658 2740; x_wconf 73' lang='lat' dir='ltr'>Fischarben</span> <span class='ocrx_word' id='word_1_295' title='bbox 713 2703 839 2739; x_wconf 88' lang='lat' dir='ltr'>wurde</span> 
     </span>
     <span class='ocr_line' id='line_1_51' title="bbox 93 2749 839 2798; baseline -0.003 -10"><span class='ocrx_word' id='word_1_296' title='bbox 93 2752 237 2798; x_wconf 82' lang='lat' dir='ltr'>grosser</span> <span class='ocrx_word' id='word_1_297' title='bbox 254 2753 378 2788; x_wconf 84' lang='lat' dir='ltr'>Luxus</span> <span class='ocrx_word' id='word_1_298' title='bbox 398 2751 662 2798; x_wconf 62' lang='grc'><strong>3811181088.-</strong></span> <span class='ocrx_word' id='word_1_299' title='bbox 691 2753 769 2787; x_wconf 89' lang='grc'><strong>175.</strong></span> <span class='ocrx_word' id='word_1_300' title='bbox 797 2749 839 2785; x_wconf 95' lang='grc' dir='ltr'>Ο.</span> 
     </span>
     <span class='ocr_line' id='line_1_52' title="bbox 93 2798 840 2844; baseline -0.004 -9"><span class='ocrx_word' id='word_1_301' title='bbox 93 2799 212 2835; x_wconf 76' lang='lat' dir='ltr'>meint</span> <span class='ocrx_word' id='word_1_302' title='bbox 243 2799 308 2835; x_wconf 85' lang='lat' dir='ltr'>das</span> <span class='ocrx_word' id='word_1_303' title='bbox 333 2800 571 2844; x_wconf 82' lang='lat' dir='ltr'>Haselhuhn‚</span> <span class='ocrx_word' id='word_1_304' title='bbox 604 2798 670 2834; x_wconf 85' lang='lat' dir='ltr'>das</span> <span class='ocrx_word' id='word_1_305' title='bbox 704 2799 840 2834; x_wconf 86' lang='lat' dir='ltr'>beson-</span> 
     </span>
     <span class='ocr_line' id='line_1_53' title="bbox 96 2845 840 2882; baseline -0.001 -1"><span class='ocrx_word' id='word_1_306' title='bbox 96 2846 180 2882; x_wconf 85' lang='lat' dir='ltr'>ders</span> <span class='ocrx_word' id='word_1_307' title='bbox 219 2846 481 2882; x_wconf 72' lang='lat' dir='ltr'>schmackhaft</span> <span class='ocrx_word' id='word_1_308' title='bbox 512 2858 578 2882; x_wconf 84' lang='lat' dir='ltr'>aus</span> <span class='ocrx_word' id='word_1_309' title='bbox 611 2845 747 2881; x_wconf 84' lang='lat' dir='ltr'>Jonien</span> <span class='ocrx_word' id='word_1_310' title='bbox 777 2845 840 2880; x_wconf 88' lang='lat' dir='ltr'>be-</span> 
     </span>
     <span class='ocr_line' id='line_1_54' title="bbox 96 2893 840 2940; baseline -0.001 -11"><span class='ocrx_word' id='word_1_311' title='bbox 96 2903 215 2939; x_wconf 89' lang='lat' dir='ltr'>zogen</span> <span class='ocrx_word' id='word_1_312' title='bbox 227 2893 370 2939; x_wconf 79' lang='lat' dir='ltr'>wurde3</span> <span class='ocrx_word' id='word_1_313' title='bbox 385 2897 533 2940; x_wconf 72' lang='lat' dir='ltr'>attaqen</span> <span class='ocrx_word' id='word_1_314' title='bbox 541 2894 696 2930; x_wconf 77' lang='lat' dir='ltr'>Ionicus</span> <span class='ocrx_word' id='word_1_315' title='bbox 709 2893 840 2929; x_wconf 72' lang='lat' dir='ltr'>Horat.</span> 
     </span>
    </p>
   </div>
   <div class='ocr_carea' id='block_1_13' title="bbox 165 2959 405 2987">
    <p class='ocr_par' dir='ltr' id='par_1_18' title="bbox 165 2959 405 2987">
     <span class='ocr_line' id='line_1_55' title="bbox 165 2959 405 2987; baseline 0.004 -2"><span class='ocrx_word' id='word_1_316' title='bbox 165 2959 259 2986; x_wconf 81' lang='lat' dir='ltr'>Ovids</span> <span class='ocrx_word' id='word_1_317' title='bbox 278 2960 405 2987; x_wconf 54' lang='lat' dir='ltr'>Fauen.</span> 
     </span>
    </p>
   </div>
   <div class='ocr_carea' id='block_1_14' title="bbox 911 1571 1669 2937">
    <p class='ocr_par' dir='ltr' id='par_1_19' title="bbox 914 1571 1669 1655">
     <span class='ocr_line' id='line_1_56' title="bbox 914 1571 1669 1654; baseline 0.005 -48"><span class='ocrx_word' id='word_1_318' title='bbox 914 1571 1022 1617; x_wconf 88' lang='lat' dir='ltr'>epod.</span> <span class='ocrx_word' id='word_1_319' title='bbox 1037 1575 1071 1654; x_wconf 65' lang='lat'>(2),</span> <span class='ocrx_word' id='word_1_320' title='bbox 1085 1574 1142 1607; x_wconf 85' lang='lat'>54.</span> <span class='ocrx_word' id='word_1_321' title='bbox 1171 1571 1340 1618; x_wconf 76' lang='lat' dir='ltr'>Phryyia</span> <span class='ocrx_word' id='word_1_322' title='bbox 1360 1575 1538 1618; x_wconf 73' lang='lat' dir='ltr'>attayena</span> <span class='ocrx_word' id='word_1_323' title='bbox 1550 1573 1669 1610; x_wconf 87' lang='lat' dir='ltr'>Varro</span> 
     </span>
     <span class='ocr_line' id='line_1_57' title="bbox 915 1629 1078 1655; baseline 0.006 -2"><span class='ocrx_word' id='word_1_324' title='bbox 915 1629 948 1655; x_wconf 82' lang='lat' dir='ltr'><strong>a.</strong></span> <span class='ocrx_word' id='word_1_325' title='bbox 976 1629 1010 1654; x_wconf 85' lang='lat' dir='ltr'><strong>a.</strong></span> <span class='ocrx_word' id='word_1_326' title='bbox 1070 1647 1078 1654; x_wconf 95' lang='lat'>.</span> 
     </span>
    </p>

    <p class='ocr_par' dir='ltr' id='par_1_20' title="bbox 911 1664 1669 2937">
     <span class='ocr_line' id='line_1_58' title="bbox 965 1664 1668 1713; baseline 0.004 -13"><span class='ocrx_word' id='word_1_327' title='bbox 965 1669 1044 1702; x_wconf 81' lang='lat'><strong>176.</strong></span> <span class='ocrx_word' id='word_1_328' title='bbox 1060 1664 1129 1700; x_wconf 88' lang='lat' dir='ltr'>Die</span> <span class='ocrx_word' id='word_1_329' title='bbox 1137 1665 1315 1711; x_wconf 75' lang='lat' dir='ltr'>Pyymaei</span> <span class='ocrx_word' id='word_1_330' title='bbox 1323 1677 1451 1702; x_wconf 83' lang='lat' dir='ltr'>waren</span> <span class='ocrx_word' id='word_1_331' title='bbox 1462 1666 1522 1702; x_wconf 89' lang='lat' dir='ltr'>ein</span> <span class='ocrx_word' id='word_1_332' title='bbox 1530 1678 1668 1713; x_wconf 86' lang='lat' dir='ltr'>zwerg-</span> 
     </span>
     <span class='ocr_line' id='line_1_59' title="bbox 916 1711 1668 1759; baseline 0.004 -12"><span class='ocrx_word' id='word_1_333' title='bbox 916 1713 1056 1758; x_wconf 73' lang='lat' dir='ltr'>artiges</span> <span class='ocrx_word' id='word_1_334' title='bbox 1094 1711 1320 1749; x_wconf 76' lang='lat' dir='ltr'>fabelhaftes</span> <span class='ocrx_word' id='word_1_335' title='bbox 1353 1713 1454 1749; x_wconf 81' lang='lat' dir='ltr'>Volk</span> <span class='ocrx_word' id='word_1_336' title='bbox 1493 1714 1528 1759; x_wconf 81' lang='lat'>(‘</span> <span class='ocrx_word' id='word_1_337' title='bbox 1538 1715 1668 1750; x_wconf 62' lang='lat' dir='ltr'>Faust-</span> 
     </span>
     <span class='ocr_line' id='line_1_60' title="bbox 915 1758 1669 1806; baseline 0.004 -11"><span class='ocrx_word' id='word_1_338' title='bbox 915 1760 996 1805; x_wconf 87' lang='lat' dir='ltr'>ling</span> <span class='ocrx_word' id='word_1_339' title='bbox 998 1759 1039 1795; x_wconf 85' lang='lat' dir='ltr'>e&#39;</span> <span class='ocrx_word' id='word_1_340' title='bbox 1079 1771 1154 1795; x_wconf 87' lang='lat' dir='ltr'>von</span> <span class='ocrx_word' id='word_1_341' title='bbox 1185 1758 1328 1806; x_wconf 81' lang='grc' dir='ltr'>πυγμή)</span> <span class='ocrx_word' id='word_1_342' title='bbox 1361 1771 1409 1796; x_wconf 82' lang='lat' dir='ltr'>an</span> <span class='ocrx_word' id='word_1_343' title='bbox 1446 1761 1519 1796; x_wconf 87' lang='lat' dir='ltr'>den</span> <span class='ocrx_word' id='word_1_344' title='bbox 1555 1760 1669 1798; x_wconf 88' lang='lat' dir='ltr'>Ufern</span> 
     </span>
     <span class='ocr_line' id='line_1_61' title="bbox 917 1772 1669 1855; baseline 0.004 -14"><span class='ocrx_word' id='word_1_345' title='bbox 917 1772 996 1842; x_wconf 82' lang='lat' dir='ltr'>desg</span> <span class='ocrx_word' id='word_1_346' title='bbox 1010 1806 1195 1851; x_wconf 82' lang='lat' dir='ltr'>Okeanos,</span> <span class='ocrx_word' id='word_1_347' title='bbox 1221 1807 1384 1843; x_wconf 86' lang='lat' dir='ltr'>welches</span> <span class='ocrx_word' id='word_1_348' title='bbox 1410 1807 1464 1843; x_wconf 90' lang='lat' dir='ltr'>im</span> <span class='ocrx_word' id='word_1_349' title='bbox 1482 1808 1669 1855; x_wconf 75' lang='lat' dir='ltr'>Frt&#39;ihjahr</span> 
     </span>
     <span class='ocr_line' id='line_1_62' title="bbox 911 1853 1667 1892; baseline 0.003 -2"><span class='ocrx_word' id='word_1_350' title='bbox 911 1853 990 1890; x_wconf 84' lang='lat' dir='ltr'>viel</span> <span class='ocrx_word' id='word_1_351' title='bbox 1014 1865 1088 1890; x_wconf 85' lang='lat' dir='ltr'>von</span> <span class='ocrx_word' id='word_1_352' title='bbox 1121 1854 1194 1890; x_wconf 91' lang='lat' dir='ltr'>den</span> <span class='ocrx_word' id='word_1_353' title='bbox 1218 1853 1433 1890; x_wconf 85' lang='lat' dir='ltr'>Kranichen</span> <span class='ocrx_word' id='word_1_354' title='bbox 1466 1867 1511 1891; x_wconf 88' lang='lat' dir='ltr'>zu</span> <span class='ocrx_word' id='word_1_355' title='bbox 1542 1855 1667 1892; x_wconf 87' lang='lat' dir='ltr'>leiden</span> 
     </span>
     <span class='ocr_line' id='line_1_63' title="bbox 913 1900 1666 1946; baseline 0.001 -9"><span class='ocrx_word' id='word_1_356' title='bbox 913 1902 1031 1937; x_wconf 78' lang='lat' dir='ltr'>hatte.</span> <span class='ocrx_word' id='word_1_357' title='bbox 1081 1900 1170 1936; x_wconf 87' lang='lat' dir='ltr'>Man</span> <span class='ocrx_word' id='word_1_358' title='bbox 1212 1901 1333 1946; x_wconf 86' lang='lat' dir='ltr'>bezog</span> <span class='ocrx_word' id='word_1_359' title='bbox 1377 1901 1438 1938; x_wconf 86' lang='lat' dir='ltr'>die</span> <span class='ocrx_word' id='word_1_360' title='bbox 1478 1903 1666 1939; x_wconf 85' lang='lat' dir='ltr'>Kraniche</span> 
     </span>
     <span class='ocr_line' id='line_1_64' title="bbox 913 1947 1666 1986; baseline 0.003 -2"><span class='ocrx_word' id='word_1_361' title='bbox 913 1959 974 1984; x_wconf 82' lang='lat' dir='ltr'>am</span> <span class='ocrx_word' id='word_1_362' title='bbox 1006 1947 1169 1984; x_wconf 78' lang='lat' dir='ltr'>liebsten</span> <span class='ocrx_word' id='word_1_363' title='bbox 1199 1959 1272 1984; x_wconf 87' lang='lat' dir='ltr'>von</span> <span class='ocrx_word' id='word_1_364' title='bbox 1303 1948 1371 1984; x_wconf 90' lang='lat' dir='ltr'>der</span> <span class='ocrx_word' id='word_1_365' title='bbox 1403 1949 1503 1985; x_wconf 88' lang='lat' dir='ltr'>Insel</span> <span class='ocrx_word' id='word_1_366' title='bbox 1535 1949 1666 1986; x_wconf 81' lang='lat' dir='ltr'>Melos.</span> 
     </span>
     <span class='ocr_line' id='line_1_65' title="bbox 913 1995 1667 2034; baseline 0.003 -3"><span class='ocrx_word' id='word_1_367' title='bbox 913 2016 958 2022; x_wconf 90' lang='lat'>—-</span> <span class='ocrx_word' id='word_1_368' title='bbox 987 1999 1068 2031; x_wconf 92' lang='grc'><strong>177.</strong></span> <span class='ocrx_word' id='word_1_369' title='bbox 1094 1995 1188 2031; x_wconf 85' lang='grc' dir='ltr'><strong>Ρ1111.</strong></span> <span class='ocrx_word' id='word_1_370' title='bbox 1214 2008 1250 2032; x_wconf 92' lang='lat' dir='ltr'><strong>n.</strong></span> <span class='ocrx_word' id='word_1_371' title='bbox 1270 1996 1307 2031; x_wconf 89' lang='lat' dir='ltr'><strong>h.</strong></span> <span class='ocrx_word' id='word_1_372' title='bbox 1333 1995 1367 2030; x_wconf 90' lang='lat' dir='ltr'>X</span> <span class='ocrx_word' id='word_1_373' title='bbox 1391 2000 1456 2032; x_wconf 85' lang='lat'>45:</span> <span class='ocrx_word' id='word_1_374' title='bbox 1482 1997 1667 2034; x_wconf 78' lang='lat' dir='ltr'>Pavonem</span> 
     </span>
     <span class='ocr_line' id='line_1_66' title="bbox 913 2043 1667 2089; baseline 0.003 -10"><span class='ocrx_word' id='word_1_375' title='bbox 913 2043 987 2079; x_wconf 88' lang='lat' dir='ltr'>cibi</span> <span class='ocrx_word' id='word_1_376' title='bbox 1019 2044 1146 2089; x_wconf 70' lang='lat' dir='ltr'>qratia</span> <span class='ocrx_word' id='word_1_377' title='bbox 1176 2043 1316 2079; x_wconf 87' lang='lat' dir='ltr'>Romae</span> <span class='ocrx_word' id='word_1_378' title='bbox 1351 2044 1496 2088; x_wconf 80' lang='lat' dir='ltr'>primus</span> <span class='ocrx_word' id='word_1_379' title='bbox 1533 2045 1667 2081; x_wconf 82' lang='lat' dir='ltr'>occidit</span> 
     </span>
     <span class='ocr_line' id='line_1_67' title="bbox 914 2091 1666 2128; baseline 0.003 -2"><span class='ocrx_word' id='word_1_380' title='bbox 914 2093 1039 2126; x_wconf 85' lang='lat' dir='ltr'>orator</span> <span class='ocrx_word' id='word_1_381' title='bbox 1064 2091 1288 2126; x_wconf 80' lang='lat' dir='ltr'>Hortensius</span> <span class='ocrx_word' id='word_1_382' title='bbox 1313 2091 1466 2127; x_wconf 83' lang='lat' dir='ltr'>aditiali</span> <span class='ocrx_word' id='word_1_383' title='bbox 1491 2102 1581 2128; x_wconf 77' lang='lat' dir='ltr'>cena</span> <span class='ocrx_word' id='word_1_384' title='bbox 1605 2103 1666 2128; x_wconf 88' lang='lat' dir='ltr'>sa-</span> 
     </span>
     <span class='ocr_line' id='line_1_68' title="bbox 913 2138 1666 2182; baseline 0.001 -8"><span class='ocrx_word' id='word_1_385' title='bbox 913 2138 1060 2174; x_wconf 84' lang='lat' dir='ltr'>cerdoti.</span> <span class='ocrx_word' id='word_1_386' title='bbox 1111 2138 1230 2173; x_wconf 83' lang='lat' dir='ltr'>Varro</span> <span class='ocrx_word' id='word_1_387' title='bbox 1266 2149 1299 2173; x_wconf 88' lang='lat' dir='ltr'><strong>a.</strong></span> <span class='ocrx_word' id='word_1_388' title='bbox 1334 2149 1367 2174; x_wconf 86' lang='lat' dir='ltr'><strong>a.</strong></span> <span class='ocrx_word' id='word_1_389' title='bbox 1395 2138 1456 2173; x_wconf 87' lang='grc'>0.·</span> <span class='ocrx_word' id='word_1_390' title='bbox 1491 2149 1612 2182; x_wconf 79' lang='lat' dir='ltr'>pavus</span> <span class='ocrx_word' id='word_1_391' title='bbox 1647 2150 1666 2175; x_wconf 92' lang='lat' dir='ltr'>e</span> 
     </span>
     <span class='ocr_line' id='line_1_69' title="bbox 913 2184 1663 2229; baseline 0.001 -8"><span class='ocrx_word' id='word_1_392' title='bbox 913 2184 1034 2221; x_wconf 85' lang='lat' dir='ltr'>Samo</span> <span class='ocrx_word' id='word_1_393' title='bbox 1056 2205 1100 2211; x_wconf 93' lang='lat'>—-</span> <span class='ocrx_word' id='word_1_394' title='bbox 1129 2188 1208 2220; x_wconf 91' lang='grc'><strong>178.</strong></span> <span class='ocrx_word' id='word_1_395' title='bbox 1234 2184 1320 2229; x_wconf 89' lang='lat' dir='ltr'><strong>Vgl.</strong></span> <span class='ocrx_word' id='word_1_396' title='bbox 1346 2187 1436 2222; x_wconf 78' lang='lat' dir='ltr'>met.</span> <span class='ocrx_word' id='word_1_397' title='bbox 1465 2185 1550 2220; x_wconf 94' lang='lat' dir='ltr'>VIII</span> <span class='ocrx_word' id='word_1_398' title='bbox 1576 2189 1663 2222; x_wconf 81' lang='lat'><strong>821:</strong></span> 
     </span>
     <span class='ocr_line' id='line_1_70' title="bbox 912 2233 1665 2278; baseline 0.001 -11"><span class='ocrx_word' id='word_1_399' title='bbox 912 2233 1010 2278; x_wconf 77' lang='lat' dir='ltr'>quod</span> <span class='ocrx_word' id='word_1_400' title='bbox 1020 2235 1172 2278; x_wconf 78' lang='lat' dir='ltr'>pontus,</span> <span class='ocrx_word' id='word_1_401' title='bbox 1185 2233 1282 2277; x_wconf 77' lang='lat' dir='ltr'>quod</span> <span class='ocrx_word' id='word_1_402' title='bbox 1296 2236 1406 2275; x_wconf 88' lang='lat' dir='ltr'>terra,</span> <span class='ocrx_word' id='word_1_403' title='bbox 1419 2233 1516 2277; x_wconf 76' lang='lat' dir='ltr'>quod</span> <span class='ocrx_word' id='word_1_404' title='bbox 1534 2233 1665 2268; x_wconf 84' lang='lat' dir='ltr'>educat</span> 
     </span>
     <span class='ocr_line' id='line_1_71' title="bbox 914 2277 1666 2324; baseline 0 -9"><span class='ocrx_word' id='word_1_405' title='bbox 914 2291 987 2315; x_wconf 85' lang='lat' dir='ltr'>aer.</span> <span class='ocrx_word' id='word_1_406' title='bbox 1025 2290 1070 2314; x_wconf 86' lang='lat' dir='ltr'>ex</span> <span class='ocrx_word' id='word_1_407' title='bbox 1095 2278 1216 2314; x_wconf 78' lang='lat' dir='ltr'>Ponto</span> <span class='ocrx_word' id='word_1_408' title='bbox 1239 2277 1257 2312; x_wconf 92' lang='lat' dir='ltr'>I</span> <span class='ocrx_word' id='word_1_409' title='bbox 1284 2282 1341 2322; x_wconf 91' lang='lat'>10,</span> <span class='ocrx_word' id='word_1_410' title='bbox 1366 2283 1407 2314; x_wconf 91' lang='lat'>9:</span> <span class='ocrx_word' id='word_1_411' title='bbox 1432 2280 1529 2324; x_wconf 79' lang='lat' dir='ltr'>quod</span> <span class='ocrx_word' id='word_1_412' title='bbox 1553 2290 1666 2324; x_wconf 87' lang='lat' dir='ltr'>mare,</span> 
     </span>
     <span class='ocr_line' id='line_1_72' title="bbox 913 2326 1664 2371; baseline 0.003 -10.066"><span class='ocrx_word' id='word_1_413' title='bbox 913 2326 1010 2371; x_wconf 77' lang='lat' dir='ltr'>quod</span> <span class='ocrx_word' id='word_1_414' title='bbox 1029 2326 1147 2369; x_wconf 80' lang='lat' dir='ltr'>tellus,</span> <span class='ocrx_word' id='word_1_415' title='bbox 1157 2345 1203 2351; x_wconf 86' lang='lat'><strong>—</strong></span> <span class='ocrx_word' id='word_1_416' title='bbox 1223 2326 1320 2371; x_wconf 74' lang='lat' dir='ltr'>quod</span> <span class='ocrx_word' id='word_1_417' title='bbox 1338 2326 1469 2361; x_wconf 82' lang='lat' dir='ltr'>educat</span> <span class='ocrx_word' id='word_1_418' title='bbox 1487 2337 1560 2362; x_wconf 81' lang='lat' dir='ltr'>aer.</span> <span class='ocrx_word' id='word_1_419' title='bbox 1596 2326 1664 2363; x_wconf 86' lang='lat' dir='ltr'>Die</span> 
     </span>
     <span class='ocr_line' id='line_1_73' title="bbox 912 2354 1665 2410; baseline 0.004 -3"><span class='ocrx_word' id='word_1_420' title='bbox 912 2373 1020 2409; x_wconf 87' lang='lat' dir='ltr'>Tiere</span> <span class='ocrx_word' id='word_1_421' title='bbox 1054 2372 1118 2408; x_wconf 88' lang='lat' dir='ltr'>des</span> <span class='ocrx_word' id='word_1_422' title='bbox 1139 2354 1290 2408; x_wconf 84' lang='lat' dir='ltr'>Laudes</span> <span class='ocrx_word' id='word_1_423' title='bbox 1315 2372 1468 2408; x_wconf 86' lang='lat' dir='ltr'>wurden</span> <span class='ocrx_word' id='word_1_424' title='bbox 1503 2373 1543 2408; x_wconf 89' lang='lat' dir='ltr'>in</span> <span class='ocrx_word' id='word_1_425' title='bbox 1567 2372 1665 2410; x_wconf 69' lang='lat' dir='ltr'>alter</span> 
     </span>
     <span class='ocr_line' id='line_1_74' title="bbox 914 2419 1664 2464; baseline 0.001 -9"><span class='ocrx_word' id='word_1_426' title='bbox 914 2420 996 2455; x_wconf 72' lang='lat' dir='ltr'>Zeit</span> <span class='ocrx_word' id='word_1_427' title='bbox 1030 2420 1142 2464; x_wconf 80' lang='lat' dir='ltr'>(ante)</span> <span class='ocrx_word' id='word_1_428' title='bbox 1174 2419 1272 2455; x_wconf 88' lang='lat' dir='ltr'>noch</span> <span class='ocrx_word' id='word_1_429' title='bbox 1303 2419 1410 2455; x_wconf 75' lang='lat' dir='ltr'>nicht</span> <span class='ocrx_word' id='word_1_430' title='bbox 1440 2420 1538 2456; x_wconf 84' lang='lat' dir='ltr'>nach</span> <span class='ocrx_word' id='word_1_431' title='bbox 1567 2420 1664 2456; x_wconf 85' lang='lat' dir='ltr'>Rom</span> 
     </span>
     <span class='ocr_line' id='line_1_75' title="bbox 913 2465 1663 2512; baseline 0.001 -10"><span class='ocrx_word' id='word_1_432' title='bbox 913 2478 976 2502; x_wconf 85' lang='lat' dir='ltr'>zur</span> <span class='ocrx_word' id='word_1_433' title='bbox 994 2466 1174 2511; x_wconf 63' lang='lat' dir='ltr'>Mastung</span> <span class='ocrx_word' id='word_1_434' title='bbox 1197 2465 1405 2512; x_wconf 77' lang='lat' dir='ltr'>geschiok‘o.</span> <span class='ocrx_word' id='word_1_435' title='bbox 1426 2487 1471 2493; x_wconf 90' lang='lat'><strong>—</strong></span> <span class='ocrx_word' id='word_1_436' title='bbox 1496 2468 1663 2504; x_wconf 85' lang='lat' dir='ltr'>miserat.-</span> 
     </span>
     <span class='ocr_line' id='line_1_76' title="bbox 914 2513 1662 2558; baseline 0.004 -10"><span class='ocrx_word' id='word_1_437' title='bbox 914 2525 942 2550; x_wconf 91' lang='grc'>8.</span> <span class='ocrx_word' id='word_1_438' title='bbox 969 2514 986 2548; x_wconf 95' lang='grc' dir='ltr'>Ι</span> <span class='ocrx_word' id='word_1_439' title='bbox 1013 2517 1094 2548; x_wconf 92' lang='grc'><strong>341.</strong></span> <span class='ocrx_word' id='word_1_440' title='bbox 1127 2534 1172 2538; x_wconf 93' lang='grc'>-</span> <span class='ocrx_word' id='word_1_441' title='bbox 1207 2516 1286 2549; x_wconf 89' lang='grc'><strong>180.</strong></span> <span class='ocrx_word' id='word_1_442' title='bbox 1320 2514 1405 2558; x_wconf 86' lang='lat' dir='ltr'><strong>Vgl.</strong></span> <span class='ocrx_word' id='word_1_443' title='bbox 1436 2513 1532 2551; x_wconf 88' lang='lat' dir='ltr'><strong>Plin.</strong></span> <span class='ocrx_word' id='word_1_444' title='bbox 1563 2526 1599 2551; x_wconf 93' lang='lat' dir='ltr'><strong>n.</strong></span> <span class='ocrx_word' id='word_1_445' title='bbox 1625 2516 1662 2551; x_wconf 84' lang='lat' dir='ltr'><strong>h.</strong></span> 
     </span>
     <span class='ocr_line' id='line_1_77' title="bbox 912 2560 1664 2606; baseline 0.005 -11"><span class='ocrx_word' id='word_1_446' title='bbox 912 2560 1036 2596; x_wconf 92' lang='lat' dir='ltr'>XVIII</span> <span class='ocrx_word' id='word_1_447' title='bbox 1057 2563 1142 2596; x_wconf 82' lang='lat'><strong>117:</strong></span> <span class='ocrx_word' id='word_1_448' title='bbox 1163 2560 1338 2606; x_wconf 80' lang='lat' dir='ltr'>Sequitur</span> <span class='ocrx_word' id='word_1_449' title='bbox 1356 2562 1578 2606; x_wconf 63' lang='lat' dir='ltr'>leguminum</span> <span class='ocrx_word' id='word_1_450' title='bbox 1594 2574 1664 2598; x_wconf 75' lang='lat' dir='ltr'>‘na-</span> 
     </span>
     <span class='ocr_line' id='line_1_78' title="bbox 912 2608 1663 2653; baseline 0.001 -9"><span class='ocrx_word' id='word_1_451' title='bbox 912 2612 1018 2652; x_wconf 86' lang='lat' dir='ltr'>tura,</span> <span class='ocrx_word' id='word_1_452' title='bbox 1052 2608 1149 2643; x_wconf 78' lang='lat' dir='ltr'>inter</span> <span class='ocrx_word' id='word_1_453' title='bbox 1185 2618 1278 2653; x_wconf 78' lang='lat' dir='ltr'>quae</span> <span class='ocrx_word' id='word_1_454' title='bbox 1319 2619 1515 2644; x_wconf 77' lang='lat' dir='ltr'>maaeumus</span> <span class='ocrx_word' id='word_1_455' title='bbox 1550 2609 1663 2645; x_wconf 80' lang='lat' dir='ltr'>honos</span> 
     </span>
     <span class='ocr_line' id='line_1_79' title="bbox 911 2656 1663 2701; baseline 0.001 -10"><span class='ocrx_word' id='word_1_456' title='bbox 911 2656 1034 2699; x_wconf 85' lang='lat' dir='ltr'>fabae,</span> <span class='ocrx_word' id='word_1_457' title='bbox 1058 2656 1191 2700; x_wconf 76' lang='lat' dir='ltr'>quippe</span> <span class='ocrx_word' id='word_1_458' title='bbox 1221 2666 1266 2690; x_wconf 73' lang='lat' dir='ltr'>ex</span> <span class='ocrx_word' id='word_1_459' title='bbox 1289 2666 1364 2701; x_wconf 75' lang='lat' dir='ltr'>qua</span> <span class='ocrx_word' id='word_1_460' title='bbox 1396 2659 1591 2701; x_wconf 76' lang='lat' dir='ltr'>temptatus</span> <span class='ocrx_word' id='word_1_461' title='bbox 1614 2657 1663 2692; x_wconf 76' lang='lat' dir='ltr'>sit</span> 
     </span>
     <span class='ocr_line' id='line_1_80' title="bbox 912 2702 1663 2747; baseline 0.001 -9"><span class='ocrx_word' id='word_1_462' title='bbox 912 2703 1021 2738; x_wconf 82' lang='lat' dir='ltr'>etiam</span> <span class='ocrx_word' id='word_1_463' title='bbox 1065 2702 1191 2747; x_wconf 77' lang='lat' dir='ltr'>panis.</span> <span class='ocrx_word' id='word_1_464' title='bbox 1235 2722 1279 2728; x_wconf 91' lang='lat'>-—</span> <span class='ocrx_word' id='word_1_465' title='bbox 1322 2702 1506 2746; x_wconf 74' lang='lat' dir='ltr'>frumento</span> <span class='ocrx_word' id='word_1_466' title='bbox 1554 2704 1663 2739; x_wconf 79' lang='lat' dir='ltr'>etiam</span> 
     </span>
     <span class='ocr_line' id='line_1_81' title="bbox 911 2749 1663 2795; baseline 0.001 -10"><span class='ocrx_word' id='word_1_467' title='bbox 911 2750 1081 2785; x_wconf 66' lang='lat' dir='ltr'>miscetur</span> <span class='ocrx_word' id='word_1_468' title='bbox 1117 2749 1220 2795; x_wconf 76' lang='lat' dir='ltr'>apud</span> <span class='ocrx_word' id='word_1_469' title='bbox 1251 2750 1445 2795; x_wconf 76' lang='lat' dir='ltr'>plerasque</span> <span class='ocrx_word' id='word_1_470' title='bbox 1475 2751 1594 2795; x_wconf 73' lang='lat' dir='ltr'>yemis</span> <span class='ocrx_word' id='word_1_471' title='bbox 1629 2754 1663 2786; x_wconf 86' lang='lat' dir='ltr'>et</span> 
     </span>
     <span class='ocr_line' id='line_1_82' title="bbox 912 2797 1661 2841; baseline 0 -9"><span class='ocrx_word' id='word_1_472' title='bbox 912 2807 1082 2832; x_wconf 79' lang='lat' dir='ltr'>maxume</span> <span class='ocrx_word' id='word_1_473' title='bbox 1099 2797 1238 2841; x_wconf 77' lang='lat' dir='ltr'>panico</span> <span class='ocrx_word' id='word_1_474' title='bbox 1261 2797 1382 2832; x_wconf 83' lang='lat' dir='ltr'>solida</span> <span class='ocrx_word' id='word_1_475' title='bbox 1401 2807 1444 2832; x_wconf 86' lang='lat' dir='ltr'>ae</span> <span class='ocrx_word' id='word_1_476' title='bbox 1468 2797 1661 2833; x_wconf 83' lang='lat' dir='ltr'>delicatius</span> 
     </span>
     <span class='ocr_line' id='line_1_83' title="bbox 912 2844 1662 2888; baseline 0 -8"><span class='ocrx_word' id='word_1_477' title='bbox 912 2844 1044 2888; x_wconf 81' lang='lat' dir='ltr'>fracta.</span> <span class='ocrx_word' id='word_1_478' title='bbox 1089 2844 1180 2888; x_wconf 75' lang='lat' dir='ltr'>quin</span> <span class='ocrx_word' id='word_1_479' title='bbox 1210 2846 1243 2879; x_wconf 81' lang='lat' dir='ltr'>et</span> <span class='ocrx_word' id='word_1_480' title='bbox 1268 2844 1392 2888; x_wconf 75' lang='lat' dir='ltr'>priseo</span> <span class='ocrx_word' id='word_1_481' title='bbox 1423 2844 1503 2880; x_wconf 83' lang='lat' dir='ltr'>ritu</span> <span class='ocrx_word' id='word_1_482' title='bbox 1531 2844 1662 2888; x_wconf 80' lang='lat' dir='ltr'>fabata</span> 
     </span>
     <span class='ocr_line' id='line_1_84' title="bbox 913 2891 1660 2937; baseline 0 -10"><span class='ocrx_word' id='word_1_483' title='bbox 913 2902 1000 2927; x_wconf 88' lang='lat' dir='ltr'>suae</span> <span class='ocrx_word' id='word_1_484' title='bbox 1025 2891 1214 2937; x_wconf 76' lang='lat' dir='ltr'>reliqionis</span> <span class='ocrx_word' id='word_1_485' title='bbox 1239 2891 1298 2927; x_wconf 76' lang='lat' dir='ltr'>dis</span> <span class='ocrx_word' id='word_1_486' title='bbox 1321 2891 1364 2926; x_wconf 78' lang='lat' dir='ltr'>in</span> <span class='ocrx_word' id='word_1_487' title='bbox 1381 2901 1486 2927; x_wconf 83' lang='lat' dir='ltr'>sacro</span> <span class='ocrx_word' id='word_1_488' title='bbox 1512 2894 1563 2927; x_wconf 83' lang='lat' dir='ltr'>est</span> <span class='ocrx_word' id='word_1_489' title='bbox 1588 2892 1660 2928; x_wconf 81' lang='lat' dir='ltr'>etc.</span> 
     </span>
    </p>
   </div>
   <div class='ocr_carea' id='block_1_15' title="bbox 1332 2953 1375 2985">
    <p class='ocr_par' dir='ltr' id='par_1_21' title="bbox 1332 2953 1375 2985">
     <span class='ocr_line' id='line_1_85' title="bbox 1332 2953 1375 2985; baseline 0.023 -1"><span class='ocrx_word' id='word_1_490' title='bbox 1332 2953 1375 2985; x_wconf 83' lang='lat'>17</span> 
     </span>
    </p>
   </div>
  </div>
 </body>
</html>
