1838 3132
771 105 806 140 H
829 108 1028 143 804—856.

1600 105 1683 148 121

121 220 204 259 835
238 215 348 258 Ecce
381 229 508 270 super
540 229 695 270 corpus
727 215 972 257 communia
1002 214 1161 257 damna
1191 216 1430 270 gementes,

300 273 425 317 obliti
456 273 639 328 decoris,
670 274 821 329 virque
852 277 1061 330 paterque
1091 274 1246 316 iacent.

239 333 401 375 Brutus
433 332 556 375 adest
585 333 844 389 tandemque
876 334 1019 375 animo
1047 348 1125 377 sua
1154 333 1331 376 nomina
1359 333 1476 376 fallit

298 392 467 447 fixaque
500 392 743 434 semianimi
775 407 953 447 corpore
982 393 1072 435 tela
1102 393 1217 448 rapit

240 451 562 507 stillantemque
593 454 746 494 tenens
778 466 988 508 generoso
1021 452 1231 508 sanguine
1263 452 1448 495 cultrum

121 515 208 553 840

299 510 434 553 edidit
463 511 703 566 impavidos
735 525 809 554 ore
842 511 1035 553 minante
1067 525 1216 554 sonos:
1440 545 1443 549 .

239 569 344 612 ‘Per
373 569 455 612 tibi
486 584 566 626 ego
597 569 712 612 hunc
744 571 839 613 iuro
870 569 1030 613 fortem
1061 573 1312 626 castumque
1344 585 1539 614 cruorem

297 643 460 685 perque
491 632 590 672 tuos
623 644 790 684 manes,
821 629 896 686 qui
926 629 1035 672 mihi
1064 644 1223 672 numen
1255 633 1398 684 erunt,

239 687 520 743 Tarquinium
552 689 737 745 profuga
768 703 930 744 poenas
962 703 1059 731 cum
1091 689 1223 744 stirpe
1256 689 1470 732 daturum.

297 748 386 790 iam
418 748 526 790 satis
559 751 626 790 est
655 749 796 791 virtus
822 747 1095 790 dissimulata
1127 747 1226 790 diu?

120 811 203 850 845
237 807 312 849 illa
342 807 486 850 iacens
519 807 572 850 ad
603 807 735 850 verba
766 808 914 850 oculos
947 808 1038 849 sine
1068 807 1232 850 lumine
1264 808 1402 851 movit

296 867 471 922 visaque
502 881 712 910 concussa
742 867 859 909 dicta
889 867 1073 921 probare
1106 881 1239 909 coma.

237 924 392 968 Fertur
423 926 470 968 in
501 926 702 982 exequias
733 925 870 968 am‘mi
899 929 1101 968 matrona
1131 926 1269 968 virilis

299 987 342 1028 et
373 999 517 1028 secum
548 985 752 1028 lacrimas
784 985 1079 1041 invidiamque
1110 985 1260 1028 trahit.

241 1044 398 1087 vulnus
430 1045 559 1087 inane
590 1047 724 1100 patet.
773 1044 937 1087 Brutus
969 1045 1156 1087 clamore
1189 1044 1378 1095 Quirites

119 1107 206 1146 850

298 1104 489 1147 concitat
520 1106 564 1147 et
594 1104 710 1160 regis
741 1104 857 1147 facta
887 1104 1078 1147 nefanda.
1107 1104 1251 1147 refert.

240 1162 500 1218 Tarquinius
533 1178 630 1206 cum
660 1163 784 1219 prole
815 1164 943 1219 fugit.
993 1164 1112 1218 capit
1144 1178 1289 1207 annua
1321 1165 1471 1207 consul

298 1222 403 1265 iura.
455 1222 545 1265 dies
576 1223 723 1279 regnis
755 1223 835 1265 illa
866 1237 1068 1278 suprema
1098 1223 1192 1265 fuit.
1227 1247 1282 1254 —

241 1280 467 1337 Fallimur,
500 1297 555 1324 an
586 1282 699 1325 veris
730 1282 989 1338 praenuntia
1019 1283 1138 1325 venit
1168 1282 1353 1325 hirundo

302 1355 382 1383 nec
413 1341 587 1397 metuit,
617 1356 671 1384 ne
704 1357 789 1397 qua
819 1356 944 1384 versa
974 1344 1169 1384 recurrat
1199 1341 1368 1385 hiems?

120 1404 203 1443 855
238 1414 367 1455 saepe
398 1402 564 1455 tamen,
595 1399 782 1457 Progne,
812 1400 995 1443 nimium
1026 1415 1283 1456 properasse
1315 1401 1528 1457 quereris,

295 1459 445 1514 virque
476 1462 552 1503 tuo
583 1460 744 1503 Tereus
775 1460 938 1516 frigore
969 1460 1110 1502 laetus
1142 1460 1237 1503 erit.

169 1591 250 1624 836.
275 1589 380 1625 obliti
397 1589 492 1625 dec„-
515 1588 568 1623 im
590 1588 800 1635 Gegensatz
824 1570 875 1625 ω’

119 1635 186 1671 (181·
210 1635 380 1682 Haltung
405 1636 472 1671 der
496 1636 679 1672 Lucretia.
707 1657 750 1662 —
785 1639 866 1672 837.

117 1681 254 1718 Brutus
293 1695 370 1719 war
401 1682 470 1719 auf
500 1683 560 1719 die
594 1682 868 1730 Aufforderung

118 1729 185 1766 der
202 1730 387 1776 Lucretia,
415 1730 473 1767 ‘ut
490 1742 571 1767 cum
596 1733 630 1768 si
682 1732 755 1767 ulis
778 1732 867 1776 fide-

119 1778 216 1814 libas
235 1779 364 1814 amicis
377 1779 541 1815 veniant’
558 1789 633 1814 von
677 1778 866 1823 ossatinus,

120 1825 185 1860 der
203 1824 283 1861 ihm
303 1824 524 1872 zuffillige
477 1825 524 1861 be
553 1828 666 1872 egnet
678 1837 768 1870 war,
782 1826 867 1862 mit·

117 1873 302 1918 gebracht
325 1872 518 1919 worden(
550 1873 598 1909 iv.
625 1884 656 1909 c.
677 1877 734 1919 58,
755 1875 803 1918 6).
822 1895 867 1905 -.-

118 1932 154 1956 a.
179 1930 207 1956 8.
232 1932 270 1956 n.
302 1921 422 1964 fallit.-
456 1874 608 1966 eig(entl.
644 1921 706 1957 ‘er
739 1922 870 1957 macht

117 1967 233 2003 fallen
290 1967 490 2014 (σφάλλει)
547 1968 673 2004 88111811
722 1968 869 2005 Namen

117 2015 284 2060 (Brutus)
310 2015 428 2051 durch
453 2015 581 2051 seinen
607 2016 741 2061 Geist',
768 2016 802 2053 d.
829 2016 866 2052 h.

119 2073 159 2098 er
184 2063 296 2098 straft
331 2063 458 2099 seinen
482 2063 629 2100 Numen
654 2062 795 2109 Lugen.
823 2084 868 2090 —

118 2112 197 2146 839.
242 2109 277 2145 8.
302 2109 381 2146 Liv.
407 2121 437 2147 c.
464 2114 527 2154 59,
557 2115 593 2146 1:
625 2111 769 2147 Brutus
793 2112 869 2148 illis

118 2157 220 2193 luctu
250 2158 436 2203 occupatis
467 2159 626 2194 cultrum
651 2169 696 2194 ex
719 2159 867 2195 vulnere

118 2204 314 2241 Lucretiae
331 2209 533 2241 extractum
554 2209 728 2242 manante
740 2217 867 2243 eruore

112 2262 207 2296 prae
243 2262 280 2287 se
315 2255 439 2288 tenens
472 2253 559 2299 ‘per
594 2253 711 2289 hunc’
737 2255 868 2309 'inquit

121 2299 384 2335 ‘castissimum
410 2303 494 2335 ante
517 2300 655 2346 reqiam
685 2301 868 2337 iniuriam

119 2347 336 2391 sanquinem
359 2347 462 2390 iuro,
486 2357 636 2392 vosque,
659 2348 734 2392 dii,
765 2351 867 2384 testes

118 2393 231 2438 facio,
254 2404 309 2429 me
327 2393 373 2429 L.
397 2393 644 2439 Tarquinium
662 2394 867 2440 Superbum

119 2451 202 2476 cum
220 2441 394 2477 scelerata
407 2442 559 2487 coniuye
570 2444 604 2477 et
621 2443 721 2478 omni
738 2442 867 2478 libero-

119 2499 201 2524 rum
231 2489 344 2543 stirpe
374 2488 492 2533 ferro,
523 2489 623 2535 iyni,
653 2501 870 2535 quacunque

119 2535 250 2571 dehinc
279 2536 318 2572 vi
347 2536 503 2581 possim,
537 2539 771 2580 exactwrum,
804 2548 869 2573 nec

118 2582 202 2618 illos
230 2594 296 2619 nee
327 2584 443 2619 alium
472 2595 685 2648 quemquam
716 2595 869 2630 reqnare

118 2629 256 2666 Romae
276 2631 503 2676 passuruan’.

167 2703 249 2737 841.
292 2712 363 2747 per
410 2702 512 2738 verb.
556 2701 628 2737 mit
669 2703 786 2745 hunc;
828 2702 868 2737 in

120 2747 322 2784 Schwuren
340 2747 435 2784 wird
460 2749 517 2785 oft
535 2761 604 2795 per
628 2759 703 2785 von
728 2750 868 2785 seinem

119 2794 240 2831 Kasus
282 2797 552 2841 8811811111..-
589 2801 669 2833 843.
701 2797 868 2850 profuqa

121 2842 865 2890 ρ18189ὺ18811.-844.υίήν3,(1188138118.

120 2908 166 2915 —
181 2893 261 2927 845.
275 2891 324 2927 ad
336 2891 464 2927 verba:
483 2891 545 2928 bei
558 2892 685 2928 diesen
696 2891 865 2936 Worten,

941 1590 1012 1626 wie
1032 1591 1082 1626 ad
1100 1601 1230 1626 nomen
1249 1591 1338 1626 met.
1357 1590 1408 1624 111
1428 1593 1509 1626 245.
1537 1590 1588 1626 IV
1610 1595 1691 1628 145.

941 1659 986 1664 —
1013 1638 1134 1674 oculos
1159 1638 1238 1673 sine
1255 1638 1343 1673 lum.
1372 1638 1449 1673 ‘die
1468 1638 1690 1675 lichtleeren

941 1685 1103 1731 Augen’,
1130 1697 1159 1721 z.
1186 1686 1201 1720 I
1230 1690 1308 1721 111.

989 1747 1058 1779 846
1084 1745 1246 1780 adnuere
1262 1745 1343 1780 visa
1361 1748 1422 1781 est.
1437 1765 1481 1770 —
1502 1748 1582 1781 847.
1604 1745 1690 1791 Vgl.

939 1790 1019 1827 Liv.
1040 1803 1070 1828 ο.
1086 1795 1142 1836 59,
1164 1796 1202 1827 3:
1222 1792 1358 1827 elatum
1376 1792 1481 1828 domo
1494 1792 1692 1829 Lucretiae

941 1849 1073 1885 corpus
1096 1839 1140 1874 in
1162 1839 1284 1883 forum
1309 1840 1479 1883 deferunt
1509 1841 1690 1876 concient-

940 1897 1008 1932 que
1026 1887 1222 1929 miraculo,
1240 1890 1282 1922 ut
1300 1887 1360 1931 fit,
1379 1887 1434 1923 rei
1451 1898 1566 1924 novae
1585 1891 1692 1944 atque

940 1934 1163 1980 indignitate
1186 1934 1366 1978 homines;
1398 1933 1479 1970 also
1503 1936 1625 1979 fertur
1649 1937 1691 1972 in

940 1992 995 2017 ex
1024 1981 1101 2017 ‘sie
1127 1981 1222 2016 wird
1253 1981 1323 2017 auf
1350 1982 1418 2018 das
1443 1982 1581 2019 Forum
1607 1994 1690 2018 zum

940 2027 1198 2074 Leichenzuge
1212 2030 1409 2076 getragen'
1416 2051 1478 2064 .—
1500 2033 1581 2066 848.
1602 2031 1690 2067 laer.

940 2077 1192 2122 invidiamque
1235 2076 1345 2112 stehn
1388 2076 1428 2112 in
1471 2077 1692 2114 konkretem

942 2123 1074 2168 Sinne;
1109 2123 1232 2160 fibers.
1267 2124 1327 2160 ‘es
1358 2124 1486 2170 folgen
1518 2124 1612 2160 ihr'.
1646 2146 1690 2151 —

940 2174 1020 2207 849.
1047 2171 1181 2208 vulnus
1199 2172 1225 2207 i.
1245 2183 1281 2217 p.
1308 2172 1363 2207 ‘es
1383 2171 1493 2207 klafft
1511 2172 1572 2208 (118
1590 2172 1691 2208 18818

939 2218 1118 2263 Wunde'‚
1144 2219 1193 2254 da.
1218 2218 1284 2254 der
1306 2217 1430 2255 Doleh
1454 2230 1529 2255 von
1552 2216 1690 2256 Brutus

938 2266 1240 2311 herausgezogen
1258 2276 1349 2311 war,
1368 2266 1444 2301 und
1463 2268 1693 2302 unterstt‘itzt

940 2313 1001 2348 die
1025 2311 1130 2348 Rede
1155 2313 1362 2348 desselben.

987 2363 1068 2397 851.
1100 2361 1201 2406 capit
1231 2371 1361 2396 annua
1391 2371 1419 2396 c.
1446 2361 1472 2396 i.
1506 2361 1581 2406 vgl.
1609 2359 1690 2398 Liv.

940 2406 975 2442 H
1002 2412 1041 2452 1,
1069 2411 1109 2442 7:
1146 2408 1326 2444 libertatis
1361 2411 1482 2443 autem
1513 2409 1691 2464 originem

940 2455 1027 2490 inde
1060 2455 1195 2500 maqis,
1229 2456 1319 2500 quia
1353 2466 1519 2491 annuum
1555 2457 1690 2502 impe-

940 2502 1056 2537 rium
1092 2502 1282 2538 consulare
1315 2502 1456 2546 factum
1487 2506 1556 2548 est,
1581 2515 1691 2549 quam

940 2549 1037 2594 quod
1051 2550 1122 2584 etc.
1137 2552 1277 2585 -852.
1296 2551 1419 2596 requie
1433 2550 1515 2586 ‘der
1528 2550 1688 2596 Konigs—

940 2595 1180 2632 herrschaft'.

988 2658 1114 2690 853-
1125 2658 1206 2692 856.
1255 2656 1560 2693 Erecheinen
1605 2657 1691 2693 der

941 2702 965 2737 8
974 2701 1028 2737 ch
1037 2715 1067 2737 w
1077 2702 1120 2737 al
1129 2704 1150 2738 b
1159 2714 1196 2748 e,
1211 2702 1284 2747 die,
1297 2703 1368 2740 wie
1382 2703 1443 2740 die
1457 2704 1690 2750 Nachtigau‚

939 2749 1103 2785 vielfach
1126 2751 1181 2786 als
1202 2750 1384 2788 Vorbotin
1403 2751 1469 2787 des
1490 2751 1690 2799 Fruhlings

939 2799 1106 2842 genannt
1130 2798 1234 2835 wird.
1268 2818 1312 2825 —
1347 2802 1428 2835 854.
1459 2810 1564 2836 versa
1595 2799 1691 2835 ‘sich

938 2843 1136 2881 wendend'
1143 2872 1151 2881 .
1166 2866 1210 2872 —
1237 2849 1317 2882 855.
1338 2846 1482 2892 Proqne
1495 2867 1539 2872 —-
1558 2847 1690 2883 Tereus

939 2904 967 2927 z.
995 2895 1075 2928 627.
