1800 3126
0 1624 6 1626 „
58 1584 160 1622 ·440

731 110 749 146 1
774 111 974 147 aec-445.
1583 105 1641 147 59

195 221 308 263 hanc
340 219 473 275 cupit,
503 219 615 262 hanc
646 221 789 274 optat,
821 219 916 261 sola
947 217 1136 273 suspirat
1165 215 1211 257 in
1242 215 1319 257 illa

255 279 466 335 signaque
497 278 572 321 dat
601 281 709 321 nutu
740 277 1029 332 sollicitatque
1059 276 1186 319 notis.

194 338 332 380 fastus
364 338 477 380 inest
506 337 716 392 pulchris,
752 337 1028 392 sequiturque
1060 334 1263 391 superbia
1293 333 1492 375 formam.

75 402 163 441 420

254 397 437 439 inrisum
469 397 592 439 vultu
624 396 805 451 despicit
834 396 909 438 illa
940 410 1028 438 suo.

192 471 280 499 nox
312 458 420 511 erat,
452 458 496 498 et
525 456 627 498 vino
659 469 859 498 somnum
889 455 1074 497 faciente
1105 453 1306 496 iacebant

255 529 436 570 corpora
468 515 650 557 diversis
681 514 798 556 victa
829 528 983 569 sopore
1015 513 1136 556 locis.

193 574 316 618 Lotis
346 574 391 616 in
421 574 609 617 herbosa
640 573 720 616 sub
755 573 921 616 acernis
952 572 1108 614 ultima
1138 572 1289 627 ramis,

253 634 365 676 sicut
395 635 488 675 erat
517 634 616 675 lusu
647 633 779 686 fessa,
811 631 976 688 quievit
1006 631 1150 674 humo.

75 698 160 736 425
198 693 341 746 surgit
372 707 521 735 amans
553 692 827 747 animamque
858 694 1009 733 tenens
1042 690 1229 746 vestigia
1260 689 1410 731 furtim

255 766 463 806 suspenso
496 751 645 807 digitis
676 751 762 793 fert
791 751 1011 793 taciturna
1042 749 1189 803 gradu.

194 812 243 853 ut
273 811 419 866 tetigit
448 810 600 853 niveae
633 812 798 853 secreta
828 809 990 852 cubilia
1020 808 1262 864 nymphae,

253 870 349 925 ipsa
381 870 447 912 sui
478 869 606 912 flatus
637 884 692 912 ne
725 871 852 912 sonet
881 883 1004 923 aura,
1036 870 1171 911 cavet.

194 931 237 971 et
266 930 351 970 iam
382 929 569 971 finitima
600 943 754 984 corpus
785 927 976 970 librabat
1005 927 1050 969 in
1081 927 1235 982 herba,

74 993 162 1031 430

254 988 332 1030 illa
361 990 508 1030 tamen
539 988 664 1030 multi
695 988 823 1042 plena
855 986 1023 1042 soporis
1056 988 1160 1028 erat.

196 1047 357 1104 gaudet
388 1049 448 1103 et,
480 1062 505 1089 a
534 1047 719 1103 pedibus
750 1048 892 1088 tracto
923 1046 1155 1100 velamine,
1185 1046 1288 1088 vota

253 1106 305 1148 ad
337 1120 416 1148 sua
446 1106 564 1148 felici
596 1108 797 1161 coeperat
826 1105 890 1147 ire
923 1105 1009 1147 via:

197 1179 292 1208 ecee
323 1165 482 1208 rudens
514 1179 643 1207 rauco
678 1164 815 1207 Sileni
845 1166 995 1207 vector
1028 1163 1185 1206 asellus

251 1224 582 1280 intempestivos
614 1223 750 1266 edidit
781 1238 854 1266 ore
886 1237 1028 1266 sonos,

73 1289 159 1327 435
193 1284 347 1326 territa
379 1283 605 1339 consurgit
633 1282 828 1339 nymphe
859 1282 1146 1338 manibusque
1177 1280 1384 1336 Priapum

252 1343 376 1386 reicit
407 1345 450 1385 et
480 1343 653 1399 fugiens
686 1342 876 1384 concitat
906 1356 1034 1383 omne
1065 1355 1229 1382 nemus.

197 1405 244 1445 at
274 1402 396 1458 deus,
428 1401 615 1444 obscena
645 1401 826 1443 nimium
860 1414 1029 1457 quoque
1060 1402 1182 1455 parte
1213 1401 1411 1454 paratus,

253 1461 453 1504 omnibus
486 1461 538 1503 ad
570 1461 698 1503 lunae
730 1460 897 1502 lumina
927 1461 1040 1502 risus
1073 1461 1176 1500 erat.

192 1522 332 1563 morte
364 1520 480 1562 dedit
510 1534 674 1575 poenas
707 1521 858 1562 auctor
886 1518 1099 1560 clamoris.
1150 1520 1194 1558 et
1224 1516 1330 1559 haec
1361 1518 1428 1558 est

251 1578 608 1633 Hellespontiaco
640 1578 816 1620 victima
849 1579 977 1633 grata
1009 1576 1101 1618 deo.

192 1637 388 1680 Intactae
417 1636 598 1679 fueratis
631 1651 746 1691 aves,
780 1636 941 1678 solacia
972 1635 1103 1688 ruris,

254 1696 481 1738 adsuetum
514 1695 635 1737 silvis
667 1696 984 1749 innocuumque
1017 1707 1172 1749 genus,

194 1769 302 1810 quae
334 1754 477 1796 facitis
508 1753 633 1796 nidos
665 1756 709 1795 et
738 1753 897 1808 plumis
930 1767 1012 1795 ova
1041 1751 1200 1794 fovetis

254 1816 298 1855 et
326 1812 447 1855 facili
478 1813 622 1855 dulces
654 1812 780 1854 editis
814 1826 886 1854 ore
918 1811 1082 1854 modos.

72 1877 159 1916 445
194 1872 266 1914 sed
298 1872 360 1914 nil
390 1872 476 1914 ista
505 1871 671 1927 iuvant,
703 1870 804 1927 quia
834 1871 1010 1926 linguae
1042 1870 1206 1913 crimen
1237 1869 1430 1926 habetis,

73 2034 250 2071 wandelt.
283 2036 371 2071 met.
384 2034 436 2070 IX
450 2038 518 2071 346
532 2034 569 2071 ff.
591 2055 635 2060 —
655 2038 736 2070 417.
762 2045 822 2070 su-

72 2085 218 2128 spirare
241 2083 313 2118 mit
330 2084 372 2118 in
390 2083 468 2118 und
488 2083 571 2118 dem
592 2081 675 2118 Abl.
695 2082 823 2128 (‘nach

69 2130 212 2176 jener')
237 2130 333 2166 auch
353 2129 488 2165 Catull.
509 2134 573 2174 64,
594 2132 650 2165 98.
673 2150 713 2156 -
740 2133 821 2165 419.

73 2189 103 2214 8.
128 2179 286 2222 formam
310 2177 475 2212 namlieh
501 2177 567 2213 der
593 2176 775 2212 Schonen.

123 2228 204 2261 423.
225 2225 357 2261 ultima
375 2223 491 2269 lokal,
509 2235 582 2260 von
596 2224 667 2260 den
683 2224 823 2260 andern

74 2273 239 2308 entfernt
263 2273 304 2317 (3.
326 2273 428 2317 717),
455 2271 570 2307 daher
594 2275 663 2307 427
690 2274 824 2307 secreta

75 2320 226 2355 cubilia.
239 2339 281 2344 —
304 2322 384 2354 424.
404 2319 500 2354 sicut
519 2323 597 2354 erat
616 2320 638 2354 l.
652 2319 680 2363 f.
698 2318 824 2354 ‘mx‘ide

74 2376 163 2402 vom
197 2366 316 2412 Spiel,
349 2366 419 2401 wie
453 2366 507 2401 sie
539 2366 645 2401 war’.
670 2386 717 2391 —
742 2369 823 2400 425.

75 2415 240 2450 animam
266 2415 325 2457 (=
346 2414 457 2458 flatus
481 2415 566 2456 428)
592 2416 728 2457 tenens,
752 2412 824 2447 den

76 2460 192 2496 Atem
211 2459 436 2503 anhaltend3
458 2460 522 2495 der
536 2458 715 2495 Gedanke
732 2459 825 2495 wird

75 2506 301 2544 wieder-holt
324 2507 365 2542 in
391 2519 424 2543 v.
451 2510 539 2551 428,
565 2506 636 2542 wie
663 2506 728 2542 der
751 2517 825 2542 von

76 2568 110 2591 v.
138 2559 207 2591 426
238 2555 278 2590 in
309 2557 396 2598 429,
431 2566 496 2590 um
530 2553 597 2589 das
629 2554 824 2599 langsame

76 2601 368 2638 Hinschleichen
405 2613 450 2636 zu
487 2601 631 2645 malem
674 2602 826 2646 vestiyia

75 2653 148 2686 tae.
182 2650 271 2685 ‘den
311 2648 598 2695 schweigenden
631 2647 747 2684 Furs’.
781 2669 823 2674 —

76 2700 157 2733 426.
204 2707 377 2742 suspenso
413 2697 449 2733 d.
487 2707 540 2742 yr.
575 2695 723 2731 ‘indem
761 2695 827 2730 der

0 2768 5 2784 ³
78 2743 226 2780 Schritt
250 2742 319 2779 auf
339 2743 412 2779 den
431 2744 555 2779 Zehen
580 2742 763 2778 schwebt'
780 2760 826 2772 =

0 3093 13 3126 Ἣ·
0 3072 13 3085 ἶ
0 2923 12 3058 7·th

77 2791 240 2827 librabat
265 2793 313 2836 (v.
333 2793 435 2836 429);
461 2791 538 2836 vgl.
564 2789 605 2826 Ο.
632 2791 721 2826 met.
740 2789 826 2825 VIII

77 2841 146 2874 201
171 2839 259 2885 (von
277 2837 454 2883 D’adalus,
480 2837 537 2873 als
557 2849 597 2874 er
622 2851 666 2874 zu
691 2837 826 2883 fliegen

77 2886 287 2932 versucht):
325 2887 489 2932 yeminas
518 2885 644 2932 opifex
678 2885 828 2921 libravit

894 2034 937 2069 in
964 2034 1045 2069 alas
1074 2034 1152 2080 ipse
1181 2044 1290 2069 suum
1314 2043 1445 2079 coo-pue
1474 2036 1643 2079 motaque

893 2081 1064 2127 pependit
1087 2082 1130 2117 in
1154 2092 1261 2117 aura.

942 2131 1022 2164 435.
1061 2129 1235 2175 nymphe,
1273 2127 1417 2174 νύμφη.
1475 2126 1517 2163 O.
1548 2126 1646 2162 liebt

894 2176 957 2212 bei
1000 2175 1138 2221 griech.
1178 2176 1353 2211 Wbrtern
1397 2174 1458 2210 die
1501 2173 1643 2219 griech.

896 2222 1115 2268 Endungen.
1143 2243 1187 2249 —
1217 2226 1299 2257 440.
1325 2222 1645 2267 Hellespontiacas

897 2271 932 2306 d.
954 2269 1111 2316 (ngVI
1131 2270 1215 2315 341)
1233 2268 1347 2305 heisst
1364 2268 1536 2314 Priapus,
1558 2267 1646 2304 weil

897 2329 938 2352 er
973 2318 1012 2352 in
1045 2316 1275 2361 Lampsakos
1313 2327 1374 2351 am
1410 2315 1644 2361 Hellespont‚

897 2365 1020 2399 seiner
1062 2363 1310 2410 angeblichen
1347 2363 1640 2407 Geburtsstatte,

896 2411 1100 2447 besonders
1126 2410 1278 2446 verehrt
1301 2410 1439 2446 wurde.

945 2462 1026 2493 441.
1045 2459 1185 2495 solacia
1202 2458 1304 2494 ruris
1321 2457 1525 2504 eigentlich
1543 2458 1644 2493 ruri-

897 2506 1078 2549 colarum,
1108 2505 1184 2551 vgl.
1210 2504 1322 2551 Verg.
1354 2516 1482 2551 georg.
1513 2503 1531 2539 I
1556 2508 1643 2540 293:

899 2553 1045 2600 zonyum
1066 2557 1178 2588 cantu
1195 2553 1315 2589 solata
1336 2553 1492 2589 laborem
1512 2555 1644 2597 aryuto

899 2601 1063 2636 conium:
1089 2601 1278 2646 percurrit
1303 2601 1445 2645 pectine
1469 2600 1572 2635 telas.
1598 2620 1643 2625 —-

898 2651 980 2683 442.
1018 2648 1206 2684 adsuetum
1242 2648 1346 2684 silvis
1377 2658 1435 2683 wo
1466 2646 1525 2682 1111·
1555 2646 1644 2682 Nie-

898 2694 1073 2730 mandem
1104 2694 1266 2730 schaden
1296 2695 1435 2731 konnt:
1477 2694 1564 2729 ‘nur
1597 2705 1645 2729 an

898 2742 957 2778 W.
978 2741 1183 2787 gewohnt'.
1204 2763 1249 2768 —
1269 2745 1351 2778 444.
1377 2742 1488 2786 facile
1506 2752 1558 2786 os,
1584 2740 1644 2776 ein

898 2789 1033 2834 Mund,
1058 2789 1124 2825 der
1147 2789 1265 2825 leicht
1289 2789 1350 2824 die
1369 2788 1471 2825 Τὸ113
1493 2788 1645 2824 hervor-

898 2836 1044 2882 bringt,
1072 2836 1373 2882 ‘geschmeidig’.

945 2887 1027 2920 445.
1061 2884 1152 2920 ista:
1178 2884 1244 2920 das
1270 2883 1379 2920 Pron.
1406 2882 1473 2919 der
1497 2886 1530 2918 2.
1555 2882 1646 2918 Per-
