<?xml version="1.0" encoding="UTF-8"?>
<!DOCTYPE html PUBLIC "-//W3C//DTD XHTML 1.0 Transitional//EN"
    "http://www.w3.org/TR/xhtml1/DTD/xhtml1-transitional.dtd">
<html xmlns="http://www.w3.org/1999/xhtml" xml:lang="en" lang="en">
 <head>
  <title>
</title>
<meta http-equiv="Content-Type" content="text/html;charset=utf-8" />
  <meta name='ocr-system' content='tesseract 3.04.00' />
  <meta name='ocr-capabilities' content='ocr_page ocr_carea ocr_par ocr_line ocrx_word'/>
</head>
<body>
  <div class='ocr_page' id='page_1' title='image "./fastorumlibrisex01oviduoft_0153.png"; bbox 0 0 1838 3132; ppageno 0'>
   <div class='ocr_carea' id='block_1_1' title="bbox 753 113 1031 150">
    <p class='ocr_par' dir='ltr' id='par_1_1' title="bbox 753 113 1031 150">
     <span class='ocr_line' id='line_1_1' title="bbox 753 113 1031 150; baseline 0.007 -2"><span class='ocrx_word' id='word_1_1' title='bbox 753 113 805 149; x_wconf 91' lang='lat'>111</span> <span class='ocrx_word' id='word_1_2' title='bbox 831 117 1031 150; x_wconf 77' lang='lat'>273—330.</span> 
     </span>
    </p>
   </div>
   <div class='ocr_carea' id='block_1_2' title="bbox 1588 115 1673 157">
    <p class='ocr_par' dir='ltr' id='par_1_2' title="bbox 1588 115 1673 157">
     <span class='ocr_line' id='line_1_2' title="bbox 1588 115 1673 157; baseline 0 0"><span class='ocrx_word' id='word_1_3' title='bbox 1588 115 1673 157; x_wconf 82' lang='lat'>137</span> 
     </span>
    </p>
   </div>
   <div class='ocr_carea' id='block_1_3' title="bbox 225 221 1366 456">
    <p class='ocr_par' dir='ltr' id='par_1_3' title="bbox 286 221 1245 276">
     <span class='ocr_line' id='line_1_3' title="bbox 286 221 1245 276; baseline 0.001 -13"><span class='ocrx_word' id='word_1_4' title='bbox 286 234 371 276; x_wconf 91' lang='lat' dir='ltr'>quo</span> <span class='ocrx_word' id='word_1_5' title='bbox 402 234 551 275; x_wconf 86' lang='lat' dir='ltr'>posses</span> <span class='ocrx_word' id='word_1_6' title='bbox 582 221 678 264; x_wconf 84' lang='lat' dir='ltr'>viso</span> <span class='ocrx_word' id='word_1_7' title='bbox 710 222 848 264; x_wconf 86' lang='lat' dir='ltr'>dicere</span> <span class='ocrx_word' id='word_1_8' title='bbox 880 221 1061 265; x_wconf 70' lang='lat' dir='ltr'>‘numen</span> <span class='ocrx_word' id='word_1_9' title='bbox 1090 222 1245 264; x_wconf 82' lang='lat' dir='ltr'>inest!&#39;</span> 
     </span>
    </p>

    <p class='ocr_par' dir='ltr' id='par_1_4' title="bbox 226 279 1366 396">
     <span class='ocr_line' id='line_1_4' title="bbox 226 279 1366 337; baseline 0.003 -16"><span class='ocrx_word' id='word_1_10' title='bbox 226 279 272 322; x_wconf 90' lang='lat' dir='ltr'>in</span> <span class='ocrx_word' id='word_1_11' title='bbox 302 279 443 322; x_wconf 89' lang='lat' dir='ltr'>medio</span> <span class='ocrx_word' id='word_1_12' title='bbox 475 293 672 336; x_wconf 85' lang='lat' dir='ltr'>gramen,</span> <span class='ocrx_word' id='word_1_13' title='bbox 704 295 937 337; x_wconf 91' lang='lat' dir='ltr'>muscoque</span> <span class='ocrx_word' id='word_1_14' title='bbox 968 282 1176 337; x_wconf 86' lang='lat' dir='ltr'>adoperta</span> <span class='ocrx_word' id='word_1_15' title='bbox 1205 282 1366 325; x_wconf 80' lang='lat' dir='ltr'>virenti</span> 
     </span>
     <span class='ocr_line' id='line_1_5' title="bbox 285 338 1174 396; baseline 0.004 -16"><span class='ocrx_word' id='word_1_16' title='bbox 285 338 494 381; x_wconf 76' lang='lat' dir='ltr'><strong>manabat</strong></span> <span class='ocrx_word' id='word_1_17' title='bbox 525 354 628 382; x_wconf 83' lang='lat' dir='ltr'>saxo</span> <span class='ocrx_word' id='word_1_18' title='bbox 654 355 764 382; x_wconf 86' lang='lat' dir='ltr'>vena</span> <span class='ocrx_word' id='word_1_19' title='bbox 794 341 996 396; x_wconf 88' lang='lat' dir='ltr'>perennis</span> <span class='ocrx_word' id='word_1_20' title='bbox 1026 355 1174 396; x_wconf 88' lang='lat' dir='ltr'>aquae.</span> 
     </span>
    </p>

    <p class='ocr_par' dir='ltr' id='par_1_5' title="bbox 225 397 1262 456">
     <span class='ocr_line' id='line_1_6' title="bbox 225 397 1262 456; baseline 0.004 -17"><span class='ocrx_word' id='word_1_21' title='bbox 225 397 326 440; x_wconf 89' lang='lat' dir='ltr'>inde</span> <span class='ocrx_word' id='word_1_22' title='bbox 358 397 447 440; x_wconf 91' lang='lat' dir='ltr'>fere</span> <span class='ocrx_word' id='word_1_23' title='bbox 478 398 560 440; x_wconf 90' lang='lat' dir='ltr'>soli</span> <span class='ocrx_word' id='word_1_24' title='bbox 590 398 763 441; x_wconf 84' lang='lat' dir='ltr'>Faunus</span> <span class='ocrx_word' id='word_1_25' title='bbox 794 400 1007 456; x_wconf 90' lang='lat' dir='ltr'>Picusque</span> <span class='ocrx_word' id='word_1_26' title='bbox 1039 400 1262 444; x_wconf 87' lang='lat' dir='ltr'>bibebant.</span> 
     </span>
    </p>
   </div>
   <div class='ocr_carea' id='block_1_4' title="bbox 109 460 196 500">
    <p class='ocr_par' dir='ltr' id='par_1_6' title="bbox 109 460 196 500">
     <span class='ocr_line' id='line_1_7' title="bbox 109 460 196 500; baseline 0 -1"><span class='ocrx_word' id='word_1_27' title='bbox 109 460 196 500; x_wconf 89' lang='lat'>300</span> 
     </span>
    </p>
   </div>
   <div class='ocr_carea' id='block_1_5' title="bbox 285 457 1370 502">
    <p class='ocr_par' dir='ltr' id='par_1_7' title="bbox 285 457 1370 502">
     <span class='ocr_line' id='line_1_8' title="bbox 285 457 1370 502; baseline 0.004 -4"><span class='ocrx_word' id='word_1_28' title='bbox 285 457 370 499; x_wconf 91' lang='lat' dir='ltr'>huc</span> <span class='ocrx_word' id='word_1_29' title='bbox 402 457 519 499; x_wconf 88' lang='lat' dir='ltr'>venit</span> <span class='ocrx_word' id='word_1_30' title='bbox 550 461 595 499; x_wconf 90' lang='lat' dir='ltr'>et</span> <span class='ocrx_word' id='word_1_31' title='bbox 624 458 738 500; x_wconf 83' lang='lat' dir='ltr'>fonti</span> <span class='ocrx_word' id='word_1_32' title='bbox 768 474 843 501; x_wconf 86' lang='lat' dir='ltr'>rex</span> <span class='ocrx_word' id='word_1_33' title='bbox 873 459 1019 501; x_wconf 85' lang='lat' dir='ltr'>Numa</span> <span class='ocrx_word' id='word_1_34' title='bbox 1049 461 1214 502; x_wconf 88' lang='lat' dir='ltr'>mactat</span> <span class='ocrx_word' id='word_1_35' title='bbox 1244 473 1370 502; x_wconf 81' lang='lat' dir='ltr'>ovem</span> 
     </span>
    </p>
   </div>
   <div class='ocr_carea' id='block_1_6' title="bbox 110 516 1524 1047">
    <p class='ocr_par' dir='ltr' id='par_1_8' title="bbox 226 516 1256 632">
     <span class='ocr_line' id='line_1_9' title="bbox 226 516 1247 574; baseline 0.003 -16"><span class='ocrx_word' id='word_1_36' title='bbox 226 516 444 571; x_wconf 87' lang='lat' dir='ltr'>plenaque</span> <span class='ocrx_word' id='word_1_37' title='bbox 476 516 646 559; x_wconf 88' lang='lat' dir='ltr'>odorati</span> <span class='ocrx_word' id='word_1_38' title='bbox 677 517 871 573; x_wconf 85' lang='lat' dir='ltr'>disponit</span> <span class='ocrx_word' id='word_1_39' title='bbox 901 518 1057 574; x_wconf 90' lang='lat' dir='ltr'>pocula</span> <span class='ocrx_word' id='word_1_40' title='bbox 1084 517 1247 561; x_wconf 78' lang='lat' dir='ltr'>Bacchi</span> 
     </span>
     <span class='ocr_line' id='line_1_10' title="bbox 288 576 1256 632; baseline 0.003 -15"><span class='ocrx_word' id='word_1_41' title='bbox 288 589 469 631; x_wconf 91' lang='lat' dir='ltr'>cumque</span> <span class='ocrx_word' id='word_1_42' title='bbox 501 576 590 618; x_wconf 92' lang='lat' dir='ltr'>suis</span> <span class='ocrx_word' id='word_1_43' title='bbox 623 579 749 619; x_wconf 90' lang='lat' dir='ltr'>antro</span> <span class='ocrx_word' id='word_1_44' title='bbox 781 578 978 620; x_wconf 87' lang='lat' dir='ltr'>conditus</span> <span class='ocrx_word' id='word_1_45' title='bbox 1010 578 1103 632; x_wconf 91' lang='lat' dir='ltr'>ipse</span> <span class='ocrx_word' id='word_1_46' title='bbox 1135 578 1256 620; x_wconf 90' lang='lat' dir='ltr'>latet.</span> 
     </span>
    </p>

    <p class='ocr_par' dir='ltr' id='par_1_9' title="bbox 226 634 1319 751">
     <span class='ocr_line' id='line_1_11' title="bbox 226 634 1319 679; baseline 0.003 -3"><span class='ocrx_word' id='word_1_47' title='bbox 226 634 295 677; x_wconf 91' lang='lat' dir='ltr'>Ad</span> <span class='ocrx_word' id='word_1_48' title='bbox 327 634 479 677; x_wconf 89' lang='lat' dir='ltr'>solitos</span> <span class='ocrx_word' id='word_1_49' title='bbox 511 635 691 678; x_wconf 86' lang='lat' dir='ltr'>veniunt</span> <span class='ocrx_word' id='word_1_50' title='bbox 723 636 938 679; x_wconf 83' lang='lat' dir='ltr'>silvestria</span> <span class='ocrx_word' id='word_1_51' title='bbox 966 637 1145 679; x_wconf 89' lang='lat' dir='ltr'>numina</span> <span class='ocrx_word' id='word_1_52' title='bbox 1175 636 1319 679; x_wconf 89' lang='lat' dir='ltr'>fontes</span> 
     </span>
     <span class='ocr_line' id='line_1_12' title="bbox 286 694 1241 751; baseline 0.003 -16"><span class='ocrx_word' id='word_1_53' title='bbox 286 695 331 736; x_wconf 91' lang='lat' dir='ltr'>et</span> <span class='ocrx_word' id='word_1_54' title='bbox 361 694 556 737; x_wconf 85' lang='lat' dir='ltr'>relevant</span> <span class='ocrx_word' id='word_1_55' title='bbox 586 695 725 737; x_wconf 84' lang='lat' dir='ltr'>multo</span> <span class='ocrx_word' id='word_1_56' title='bbox 757 699 936 751; x_wconf 77' lang='lat' dir='ltr'>pectora</span> <span class='ocrx_word' id='word_1_57' title='bbox 967 695 1081 738; x_wconf 87' lang='lat' dir='ltr'>sicca</span> <span class='ocrx_word' id='word_1_58' title='bbox 1112 710 1241 738; x_wconf 88' lang='lat' dir='ltr'>mero.</span> 
     </span>
    </p>

    <p class='ocr_par' dir='ltr' id='par_1_10' title="bbox 110 752 1518 810">
     <span class='ocr_line' id='line_1_13' title="bbox 110 752 1518 810; baseline 0.003 -16"><span class='ocrx_word' id='word_1_59' title='bbox 110 757 193 795; x_wconf 89' lang='lat'>305</span> <span class='ocrx_word' id='word_1_60' title='bbox 228 752 330 795; x_wconf 86' lang='lat' dir='ltr'>vina</span> <span class='ocrx_word' id='word_1_61' title='bbox 363 753 484 808; x_wconf 88' lang='lat' dir='ltr'>quies</span> <span class='ocrx_word' id='word_1_62' title='bbox 517 755 725 809; x_wconf 87' lang='lat' dir='ltr'>sequitur.</span> <span class='ocrx_word' id='word_1_63' title='bbox 774 755 916 810; x_wconf 90' lang='lat' dir='ltr'>gelido</span> <span class='ocrx_word' id='word_1_64' title='bbox 947 754 1094 797; x_wconf 87' lang='lat' dir='ltr'>Numa</span> <span class='ocrx_word' id='word_1_65' title='bbox 1123 755 1271 809; x_wconf 88' lang='lat' dir='ltr'>prodit</span> <span class='ocrx_word' id='word_1_66' title='bbox 1303 755 1358 797; x_wconf 92' lang='lat' dir='ltr'>ab</span> <span class='ocrx_word' id='word_1_67' title='bbox 1390 757 1518 798; x_wconf 89' lang='lat' dir='ltr'>antro</span> 
     </span>
    </p>

    <p class='ocr_par' dir='ltr' id='par_1_11' title="bbox 282 811 1264 868">
     <span class='ocr_line' id='line_1_14' title="bbox 282 811 1264 868; baseline 0.003 -15"><span class='ocrx_word' id='word_1_68' title='bbox 282 811 510 868; x_wconf 81' lang='lat' dir='ltr'>vinclaque</span> <span class='ocrx_word' id='word_1_69' title='bbox 542 814 708 868; x_wconf 88' lang='lat' dir='ltr'>sopitas</span> <span class='ocrx_word' id='word_1_70' title='bbox 741 814 861 856; x_wconf 89' lang='lat' dir='ltr'>addit</span> <span class='ocrx_word' id='word_1_71' title='bbox 890 814 936 856; x_wconf 92' lang='lat' dir='ltr'>in</span> <span class='ocrx_word' id='word_1_72' title='bbox 968 815 1066 856; x_wconf 90' lang='lat' dir='ltr'>arta</span> <span class='ocrx_word' id='word_1_73' title='bbox 1096 828 1264 856; x_wconf 89' lang='lat' dir='ltr'>manus.</span> 
     </span>
    </p>

    <p class='ocr_par' dir='ltr' id='par_1_12' title="bbox 225 869 1461 987">
     <span class='ocr_line' id='line_1_15' title="bbox 225 869 1461 929; baseline 0.002 -16"><span class='ocrx_word' id='word_1_74' title='bbox 225 869 410 913; x_wconf 81' lang='lat' dir='ltr'>Somnus</span> <span class='ocrx_word' id='word_1_75' title='bbox 440 874 489 914; x_wconf 90' lang='lat' dir='ltr'>ut</span> <span class='ocrx_word' id='word_1_76' title='bbox 520 872 744 927; x_wconf 88' lang='lat' dir='ltr'>abscessit,</span> <span class='ocrx_word' id='word_1_77' title='bbox 774 873 1011 929; x_wconf 88' lang='lat' dir='ltr'>pugnando</span> <span class='ocrx_word' id='word_1_78' title='bbox 1040 872 1212 915; x_wconf 83' lang='lat' dir='ltr'>vincula</span> <span class='ocrx_word' id='word_1_79' title='bbox 1242 875 1461 929; x_wconf 88' lang='lat' dir='ltr'>temptant</span> 
     </span>
     <span class='ocr_line' id='line_1_16' title="bbox 282 931 1262 987; baseline 0.004 -16"><span class='ocrx_word' id='word_1_80' title='bbox 282 944 498 985; x_wconf 87' lang='lat' dir='ltr'>rumpere:</span> <span class='ocrx_word' id='word_1_81' title='bbox 530 933 774 987; x_wconf 86' lang='lat' dir='ltr'>pugnantes</span> <span class='ocrx_word' id='word_1_82' title='bbox 803 931 960 975; x_wconf 83' lang='lat' dir='ltr'>fortius</span> <span class='ocrx_word' id='word_1_83' title='bbox 991 931 1070 974; x_wconf 88' lang='lat' dir='ltr'>illa</span> <span class='ocrx_word' id='word_1_84' title='bbox 1099 934 1262 975; x_wconf 88' lang='lat' dir='ltr'>tenent.</span> 
     </span>
    </p>

    <p class='ocr_par' dir='ltr' id='par_1_13' title="bbox 223 988 1524 1047">
     <span class='ocr_line' id='line_1_17' title="bbox 223 988 1524 1047; baseline 0.002 -16"><span class='ocrx_word' id='word_1_85' title='bbox 223 990 326 1031; x_wconf 91' lang='lat' dir='ltr'>tunc</span> <span class='ocrx_word' id='word_1_86' title='bbox 357 988 518 1033; x_wconf 86' lang='lat' dir='ltr'>Numa:</span> <span class='ocrx_word' id='word_1_87' title='bbox 550 990 629 1033; x_wconf 72' lang='lat' dir='ltr'>‘Di</span> <span class='ocrx_word' id='word_1_88' title='bbox 659 1005 904 1046; x_wconf 90' lang='lat' dir='ltr'>nemorum,</span> <span class='ocrx_word' id='word_1_89' title='bbox 936 991 1066 1033; x_wconf 87' lang='lat' dir='ltr'>factis</span> <span class='ocrx_word' id='word_1_90' title='bbox 1097 991 1312 1047; x_wconf 85' lang='lat' dir='ltr'>ignoscite</span> <span class='ocrx_word' id='word_1_91' title='bbox 1342 992 1524 1047; x_wconf 84' lang='lat' dir='ltr'>nostris,</span> 
     </span>
    </p>
   </div>
   <div class='ocr_carea' id='block_1_7' title="bbox 106 1052 193 1091">
    <p class='ocr_par' dir='ltr' id='par_1_14' title="bbox 106 1052 193 1091">
     <span class='ocr_line' id='line_1_18' title="bbox 106 1052 193 1091; baseline 0 0"><span class='ocrx_word' id='word_1_92' title='bbox 106 1052 193 1091; x_wconf 92' lang='lat'>310</span> 
     </span>
    </p>
   </div>
   <div class='ocr_carea' id='block_1_8' title="bbox 284 1047 1185 1106">
    <p class='ocr_par' dir='ltr' id='par_1_15' title="bbox 284 1047 1185 1106">
     <span class='ocr_line' id='line_1_19' title="bbox 284 1047 1185 1106; baseline 0.003 -16"><span class='ocrx_word' id='word_1_93' title='bbox 284 1047 322 1090; x_wconf 91' lang='lat' dir='ltr'>si</span> <span class='ocrx_word' id='word_1_94' title='bbox 353 1049 492 1092; x_wconf 85' lang='lat' dir='ltr'>scelus</span> <span class='ocrx_word' id='word_1_95' title='bbox 524 1050 700 1106; x_wconf 89' lang='lat' dir='ltr'>ingenio</span> <span class='ocrx_word' id='word_1_96' title='bbox 732 1051 853 1093; x_wconf 87' lang='lat' dir='ltr'>scitis</span> <span class='ocrx_word' id='word_1_97' title='bbox 886 1051 1037 1093; x_wconf 89' lang='lat' dir='ltr'>abesse</span> <span class='ocrx_word' id='word_1_98' title='bbox 1069 1065 1185 1105; x_wconf 89' lang='lat' dir='ltr'>meo,</span> 
     </span>
    </p>
   </div>
   <div class='ocr_carea' id='block_1_9' title="bbox 106 1108 1494 1579">
    <p class='ocr_par' dir='ltr' id='par_1_16' title="bbox 224 1108 1405 1224">
     <span class='ocr_line' id='line_1_20' title="bbox 224 1108 1405 1166; baseline 0.003 -17"><span class='ocrx_word' id='word_1_99' title='bbox 224 1122 393 1164; x_wconf 91' lang='lat' dir='ltr'>quoque</span> <span class='ocrx_word' id='word_1_100' title='bbox 425 1108 552 1152; x_wconf 90' lang='lat' dir='ltr'>modo</span> <span class='ocrx_word' id='word_1_101' title='bbox 584 1109 724 1164; x_wconf 83' lang='lat' dir='ltr'>possit</span> <span class='ocrx_word' id='word_1_102' title='bbox 754 1109 938 1165; x_wconf 86' lang='lat' dir='ltr'>fulmen,</span> <span class='ocrx_word' id='word_1_103' title='bbox 968 1112 1229 1166; x_wconf 88' lang='lat' dir='ltr'>monstrate,</span> <span class='ocrx_word' id='word_1_104' title='bbox 1259 1108 1405 1165; x_wconf 88' lang='lat' dir='ltr'>piari&#39;.</span> 
     </span>
     <span class='ocr_line' id='line_1_21' title="bbox 283 1166 1387 1224; baseline 0.001 -15"><span class='ocrx_word' id='word_1_105' title='bbox 283 1167 345 1210; x_wconf 92' lang='lat' dir='ltr'>sic</span> <span class='ocrx_word' id='word_1_106' title='bbox 375 1166 532 1210; x_wconf 86' lang='lat' dir='ltr'>Numa.</span> <span class='ocrx_word' id='word_1_107' title='bbox 578 1167 648 1211; x_wconf 88' lang='lat' dir='ltr'>Sic</span> <span class='ocrx_word' id='word_1_108' title='bbox 679 1169 878 1224; x_wconf 88' lang='lat' dir='ltr'>quatiens</span> <span class='ocrx_word' id='word_1_109' title='bbox 911 1183 1072 1212; x_wconf 85' lang='lat' dir='ltr'>cornua</span> <span class='ocrx_word' id='word_1_110' title='bbox 1096 1168 1272 1212; x_wconf 82' lang='lat' dir='ltr'>Faunus</span> <span class='ocrx_word' id='word_1_111' title='bbox 1306 1169 1387 1212; x_wconf 86' lang='lat' dir='ltr'>ait:</span> 
     </span>
    </p>

    <p class='ocr_par' dir='ltr' id='par_1_17' title="bbox 225 1224 1494 1331">
     <span class='ocr_line' id='line_1_22' title="bbox 225 1224 1494 1283; baseline 0.002 -15"><span class='ocrx_word' id='word_1_112' title='bbox 225 1224 409 1281; x_wconf 72' lang='lat' dir='ltr'>‘Magna</span> <span class='ocrx_word' id='word_1_113' title='bbox 438 1227 551 1282; x_wconf 88' lang='lat' dir='ltr'>petis</span> <span class='ocrx_word' id='word_1_114' title='bbox 582 1242 660 1270; x_wconf 92' lang='lat' dir='ltr'>nec</span> <span class='ocrx_word' id='word_1_115' title='bbox 693 1243 802 1283; x_wconf 87' lang='lat' dir='ltr'>quae</span> <span class='ocrx_word' id='word_1_116' title='bbox 834 1229 1002 1272; x_wconf 91' lang='lat' dir='ltr'>monitu</span> <span class='ocrx_word' id='word_1_117' title='bbox 1031 1228 1115 1270; x_wconf 90' lang='lat' dir='ltr'>tibi</span> <span class='ocrx_word' id='word_1_118' title='bbox 1147 1228 1308 1272; x_wconf 86' lang='lat' dir='ltr'>discere</span> <span class='ocrx_word' id='word_1_119' title='bbox 1340 1230 1494 1271; x_wconf 91' lang='lat' dir='ltr'>nostro</span> 
     </span>
     <span class='ocr_line' id='line_1_23' title="bbox 282 1284 1334 1331; baseline 0.003 -4"><span class='ocrx_word' id='word_1_120' title='bbox 282 1284 351 1327; x_wconf 88' lang='lat' dir='ltr'>fas</span> <span class='ocrx_word' id='word_1_121' title='bbox 383 1285 452 1328; x_wconf 89' lang='lat' dir='ltr'>sit.</span> <span class='ocrx_word' id='word_1_122' title='bbox 501 1286 665 1329; x_wconf 90' lang='lat' dir='ltr'>habent</span> <span class='ocrx_word' id='word_1_123' title='bbox 694 1288 794 1330; x_wconf 92' lang='lat' dir='ltr'>finis</span> <span class='ocrx_word' id='word_1_124' title='bbox 826 1289 1003 1330; x_wconf 87' lang='lat' dir='ltr'>numina</span> <span class='ocrx_word' id='word_1_125' title='bbox 1035 1289 1190 1330; x_wconf 89' lang='lat' dir='ltr'>nostra</span> <span class='ocrx_word' id='word_1_126' title='bbox 1220 1302 1334 1331; x_wconf 86' lang='lat' dir='ltr'>suos.</span> 
     </span>
    </p>

    <p class='ocr_par' dir='ltr' id='par_1_18' title="bbox 106 1343 1369 1403">
     <span class='ocr_line' id='line_1_24' title="bbox 106 1343 1369 1403; baseline 0.003 -18"><span class='ocrx_word' id='word_1_127' title='bbox 106 1348 190 1386; x_wconf 88' lang='lat'>315</span> <span class='ocrx_word' id='word_1_128' title='bbox 224 1343 267 1385; x_wconf 91' lang='lat' dir='ltr'>di</span> <span class='ocrx_word' id='word_1_129' title='bbox 300 1359 447 1387; x_wconf 90' lang='lat' dir='ltr'>sumus</span> <span class='ocrx_word' id='word_1_130' title='bbox 480 1348 674 1402; x_wconf 85' lang='lat' dir='ltr'>agrestes</span> <span class='ocrx_word' id='word_1_131' title='bbox 706 1349 750 1389; x_wconf 90' lang='lat' dir='ltr'>et</span> <span class='ocrx_word' id='word_1_132' title='bbox 780 1347 855 1403; x_wconf 92' lang='lat' dir='ltr'>qui</span> <span class='ocrx_word' id='word_1_133' title='bbox 887 1347 1158 1389; x_wconf 90' lang='lat' dir='ltr'>dominemur</span> <span class='ocrx_word' id='word_1_134' title='bbox 1189 1347 1235 1389; x_wconf 92' lang='lat' dir='ltr'>in</span> <span class='ocrx_word' id='word_1_135' title='bbox 1267 1347 1369 1389; x_wconf 87' lang='lat' dir='ltr'>altis</span> 
     </span>
    </p>

    <p class='ocr_par' dir='ltr' id='par_1_19' title="bbox 281 1404 1334 1449">
     <span class='ocr_line' id='line_1_25' title="bbox 281 1404 1334 1449; baseline 0.003 -4"><span class='ocrx_word' id='word_1_136' title='bbox 281 1404 515 1447; x_wconf 87' lang='lat' dir='ltr'>montibus.</span> <span class='ocrx_word' id='word_1_137' title='bbox 566 1405 792 1448; x_wconf 89' lang='lat' dir='ltr'>arbitrium</span> <span class='ocrx_word' id='word_1_138' title='bbox 824 1409 891 1449; x_wconf 88' lang='lat' dir='ltr'>est</span> <span class='ocrx_word' id='word_1_139' title='bbox 921 1407 968 1448; x_wconf 89' lang='lat' dir='ltr'>in</span> <span class='ocrx_word' id='word_1_140' title='bbox 1000 1420 1078 1448; x_wconf 89' lang='lat' dir='ltr'>sua</span> <span class='ocrx_word' id='word_1_141' title='bbox 1109 1406 1199 1448; x_wconf 90' lang='lat' dir='ltr'>tela</span> <span class='ocrx_word' id='word_1_142' title='bbox 1229 1405 1334 1449; x_wconf 85' lang='lat' dir='ltr'>Iovi.</span> 
     </span>
    </p>

    <p class='ocr_par' dir='ltr' id='par_1_20' title="bbox 221 1461 1322 1579">
     <span class='ocr_line' id='line_1_26' title="bbox 221 1461 1322 1521; baseline 0.004 -17"><span class='ocrx_word' id='word_1_143' title='bbox 221 1461 336 1505; x_wconf 89' lang='lat' dir='ltr'>hunc</span> <span class='ocrx_word' id='word_1_144' title='bbox 366 1465 415 1505; x_wconf 90' lang='lat' dir='ltr'>tu</span> <span class='ocrx_word' id='word_1_145' title='bbox 445 1478 535 1506; x_wconf 90' lang='lat' dir='ltr'>non</span> <span class='ocrx_word' id='word_1_146' title='bbox 565 1464 730 1520; x_wconf 87' lang='lat' dir='ltr'>poteris</span> <span class='ocrx_word' id='word_1_147' title='bbox 762 1480 838 1520; x_wconf 91' lang='lat' dir='ltr'>per</span> <span class='ocrx_word' id='word_1_148' title='bbox 867 1468 912 1508; x_wconf 89' lang='lat' dir='ltr'>te</span> <span class='ocrx_word' id='word_1_149' title='bbox 944 1465 1151 1508; x_wconf 88' lang='lat' dir='ltr'>deducere</span> <span class='ocrx_word' id='word_1_150' title='bbox 1185 1466 1322 1521; x_wconf 89' lang='lat' dir='ltr'>caelo,</span> 
     </span>
     <span class='ocr_line' id='line_1_27' title="bbox 282 1523 1200 1579; baseline 0.003 -15"><span class='ocrx_word' id='word_1_151' title='bbox 282 1523 329 1564; x_wconf 88' lang='lat' dir='ltr'>at</span> <span class='ocrx_word' id='word_1_152' title='bbox 358 1523 522 1578; x_wconf 89' lang='lat' dir='ltr'>poteris</span> <span class='ocrx_word' id='word_1_153' title='bbox 552 1527 703 1567; x_wconf 89' lang='lat' dir='ltr'>nostra</span> <span class='ocrx_word' id='word_1_154' title='bbox 733 1524 917 1567; x_wconf 86' lang='lat' dir='ltr'>forsitan</span> <span class='ocrx_word' id='word_1_155' title='bbox 947 1539 1051 1567; x_wconf 89' lang='lat' dir='ltr'>usus</span> <span class='ocrx_word' id='word_1_156' title='bbox 1084 1523 1200 1579; x_wconf 87' lang='lat' dir='ltr'>ope&#39;.</span> 
     </span>
    </p>
   </div>
   <div class='ocr_carea' id='block_1_10' title="bbox 105 1644 191 1683">
    <p class='ocr_par' dir='ltr' id='par_1_21' title="bbox 105 1644 191 1683">
     <span class='ocr_line' id='line_1_28' title="bbox 105 1644 191 1683; baseline -0.012 0"><span class='ocrx_word' id='word_1_157' title='bbox 105 1644 191 1683; x_wconf 83' lang='lat'>320</span> 
     </span>
    </p>
   </div>
   <div class='ocr_carea' id='block_1_11' title="bbox 223 1580 1350 1699">
    <p class='ocr_par' dir='ltr' id='par_1_22' title="bbox 223 1580 1350 1686">
     <span class='ocr_line' id='line_1_29' title="bbox 223 1580 1350 1640; baseline 0.004 -18"><span class='ocrx_word' id='word_1_158' title='bbox 223 1580 391 1623; x_wconf 84' lang='lat' dir='ltr'>dixerat</span> <span class='ocrx_word' id='word_1_159' title='bbox 421 1582 527 1625; x_wconf 92' lang='lat' dir='ltr'>haec</span> <span class='ocrx_word' id='word_1_160' title='bbox 557 1582 744 1626; x_wconf 61' lang='lat' dir='ltr'>Faunus</span> <span class='ocrx_word' id='word_1_161' title='bbox 793 1599 873 1640; x_wconf 89' lang='lat' dir='ltr'>par</span> <span class='ocrx_word' id='word_1_162' title='bbox 904 1587 971 1626; x_wconf 90' lang='lat' dir='ltr'>est</span> <span class='ocrx_word' id='word_1_163' title='bbox 1002 1584 1216 1627; x_wconf 87' lang='lat' dir='ltr'>sententia</span> <span class='ocrx_word' id='word_1_164' title='bbox 1246 1583 1350 1627; x_wconf 87' lang='lat' dir='ltr'>Pici.</span> 
     </span>
     <span class='ocr_line' id='line_1_30' title="bbox 282 1639 1014 1699; baseline 0.004 -17"><span class='ocrx_word' id='word_1_165' title='bbox 282 1639 440 1683; x_wconf 74' lang='lat' dir='ltr'>‘Deme</span> <span class='ocrx_word' id='word_1_166' title='bbox 472 1644 620 1685; x_wconf 89' lang='lat' dir='ltr'>tamen</span> <span class='ocrx_word' id='word_1_167' title='bbox 648 1642 776 1685; x_wconf 90' lang='lat' dir='ltr'>nobis</span> <span class='ocrx_word' id='word_1_168' title='bbox 808 1642 1014 1699; x_wconf 83' lang='lat' dir='ltr'>vincula&#39;,</span> 
     </span>
    </p>
   </div>
   <div class='ocr_carea' id='block_1_12' title="bbox 1045 1643 1284 1698">
    <p class='ocr_par' dir='ltr' id='par_1_23' title="bbox 1045 1643 1284 1698">
     <span class='ocr_line' id='line_1_31' title="bbox 1045 1643 1284 1698; baseline 0.005 -13"><span class='ocrx_word' id='word_1_169' title='bbox 1045 1643 1172 1686; x_wconf 87' lang='lat' dir='ltr'>Picus</span> <span class='ocrx_word' id='word_1_170' title='bbox 1205 1643 1284 1698; x_wconf 88' lang='lat' dir='ltr'>ait,</span> 
     </span>
    </p>
   </div>
   <div class='ocr_carea' id='block_1_13' title="bbox 105 1677 1426 2232">
    <p class='ocr_par' dir='ltr' id='par_1_24' title="bbox 224 1677 1416 1816">
     <span class='ocr_line' id='line_1_32' title="bbox 224 1677 1416 1757; baseline 0.003 -16"><span class='ocrx_word' id='word_1_171' title='bbox 224 1698 442 1755; x_wconf 77' lang='lat' dir='ltr'>‘Iuppiter</span> <span class='ocrx_word' id='word_1_172' title='bbox 472 1701 558 1744; x_wconf 91' lang='lat' dir='ltr'>huc</span> <span class='ocrx_word' id='word_1_173' title='bbox 589 1702 751 1757; x_wconf 84' lang='lat' dir='ltr'>veniet,</span> <span class='ocrx_word' id='word_1_174' title='bbox 784 1702 929 1745; x_wconf 86' lang='lat' dir='ltr'>valida</span> <span class='ocrx_word' id='word_1_175' title='bbox 959 1677 1190 1757; x_wconf 68' lang='lat' dir='ltr'>perductus</span> <span class='ocrx_word' id='word_1_176' title='bbox 1225 1677 1284 1745; x_wconf 56' lang='lat' dir='ltr'>ab,</span> <span class='ocrx_word' id='word_1_177' title='bbox 1312 1706 1416 1747; x_wconf 87' lang='lat' dir='ltr'>arte.</span> 
     </span>
     <span class='ocr_line' id='line_1_33' title="bbox 281 1760 1245 1816; baseline 0.003 -16"><span class='ocrx_word' id='word_1_178' title='bbox 281 1760 433 1802; x_wconf 88' lang='lat' dir='ltr'>nubila</span> <span class='ocrx_word' id='word_1_179' title='bbox 462 1760 666 1816; x_wconf 80' lang='lat' dir='ltr'>promissi</span> <span class='ocrx_word' id='word_1_180' title='bbox 693 1761 802 1816; x_wconf 85' lang='lat' dir='ltr'>Styx</span> <span class='ocrx_word' id='word_1_181' title='bbox 832 1761 938 1804; x_wconf 89' lang='lat' dir='ltr'>mihi</span> <span class='ocrx_word' id='word_1_182' title='bbox 969 1762 1095 1804; x_wconf 85' lang='lat' dir='ltr'>testis</span> <span class='ocrx_word' id='word_1_183' title='bbox 1127 1761 1245 1805; x_wconf 88' lang='lat' dir='ltr'>erit&#39;.</span> 
     </span>
    </p>

    <p class='ocr_par' dir='ltr' id='par_1_25' title="bbox 224 1818 1425 1936">
     <span class='ocr_line' id='line_1_34' title="bbox 224 1818 1425 1876; baseline 0.003 -16"><span class='ocrx_word' id='word_1_184' title='bbox 224 1818 373 1861; x_wconf 90' lang='lat' dir='ltr'>emissi</span> <span class='ocrx_word' id='word_1_185' title='bbox 403 1818 570 1875; x_wconf 86' lang='lat' dir='ltr'>laqueis</span> <span class='ocrx_word' id='word_1_186' title='bbox 603 1820 705 1875; x_wconf 91' lang='lat' dir='ltr'>quid</span> <span class='ocrx_word' id='word_1_187' title='bbox 731 1823 884 1876; x_wconf 87' lang='lat' dir='ltr'>agant,</span> <span class='ocrx_word' id='word_1_188' title='bbox 916 1835 1024 1876; x_wconf 91' lang='lat' dir='ltr'>quae</span> <span class='ocrx_word' id='word_1_189' title='bbox 1056 1821 1249 1863; x_wconf 89' lang='lat' dir='ltr'>carmina</span> <span class='ocrx_word' id='word_1_190' title='bbox 1281 1821 1425 1864; x_wconf 83' lang='lat' dir='ltr'>dicant</span> 
     </span>
     <span class='ocr_line' id='line_1_35' title="bbox 282 1878 1384 1936; baseline 0.004 -17"><span class='ocrx_word' id='word_1_191' title='bbox 282 1892 450 1934; x_wconf 89' lang='lat' dir='ltr'>quaque</span> <span class='ocrx_word' id='word_1_192' title='bbox 480 1878 659 1921; x_wconf 88' lang='lat' dir='ltr'>trahant</span> <span class='ocrx_word' id='word_1_193' title='bbox 690 1880 856 1935; x_wconf 85' lang='lat' dir='ltr'>superis</span> <span class='ocrx_word' id='word_1_194' title='bbox 889 1880 1063 1923; x_wconf 88' lang='lat' dir='ltr'>sedibus</span> <span class='ocrx_word' id='word_1_195' title='bbox 1095 1882 1187 1922; x_wconf 91' lang='lat' dir='ltr'>arte</span> <span class='ocrx_word' id='word_1_196' title='bbox 1218 1879 1384 1936; x_wconf 91' lang='lat' dir='ltr'>Iovem,</span> 
     </span>
    </p>

    <p class='ocr_par' dir='ltr' id='par_1_26' title="bbox 105 1937 1356 1986">
     <span class='ocr_line' id='line_1_36' title="bbox 105 1937 1356 1986; baseline 0.003 -8"><span class='ocrx_word' id='word_1_197' title='bbox 105 1940 190 1979; x_wconf 84' lang='lat'>325</span> <span class='ocrx_word' id='word_1_198' title='bbox 224 1937 335 1979; x_wconf 89' lang='lat' dir='ltr'>scire</span> <span class='ocrx_word' id='word_1_199' title='bbox 366 1937 487 1980; x_wconf 87' lang='lat' dir='ltr'>nefas</span> <span class='ocrx_word' id='word_1_200' title='bbox 518 1938 697 1982; x_wconf 90' lang='lat' dir='ltr'>homini.</span> <span class='ocrx_word' id='word_1_201' title='bbox 746 1939 874 1982; x_wconf 91' lang='lat' dir='ltr'>nobis</span> <span class='ocrx_word' id='word_1_202' title='bbox 906 1953 1111 1986; x_wconf 80' lang='lat' dir='ltr'>concessa</span> <span class='ocrx_word' id='word_1_203' title='bbox 1143 1942 1356 1982; x_wconf 90' lang='lat' dir='ltr'>canentur</span> 
     </span>
    </p>

    <p class='ocr_par' dir='ltr' id='par_1_27' title="bbox 282 1996 1173 2053">
     <span class='ocr_line' id='line_1_37' title="bbox 282 1996 1173 2053; baseline 0.004 -15"><span class='ocrx_word' id='word_1_204' title='bbox 282 2010 476 2052; x_wconf 89' lang='lat' dir='ltr'>quaeque</span> <span class='ocrx_word' id='word_1_205' title='bbox 507 1996 580 2053; x_wconf 91' lang='lat' dir='ltr'>pio</span> <span class='ocrx_word' id='word_1_206' title='bbox 611 1998 696 2040; x_wconf 91' lang='lat' dir='ltr'>dici</span> <span class='ocrx_word' id='word_1_207' title='bbox 728 1998 839 2040; x_wconf 81' lang='lat' dir='ltr'>vatis</span> <span class='ocrx_word' id='word_1_208' title='bbox 873 1998 927 2041; x_wconf 90' lang='lat' dir='ltr'>ab</span> <span class='ocrx_word' id='word_1_209' title='bbox 954 2013 1028 2042; x_wconf 91' lang='lat' dir='ltr'>ore</span> <span class='ocrx_word' id='word_1_210' title='bbox 1058 1999 1173 2042; x_wconf 89' lang='lat' dir='ltr'>licet.</span> 
     </span>
    </p>

    <p class='ocr_par' dir='ltr' id='par_1_28' title="bbox 220 2054 1426 2173">
     <span class='ocr_line' id='line_1_38' title="bbox 220 2054 1262 2113; baseline 0.003 -16"><span class='ocrx_word' id='word_1_211' title='bbox 220 2054 414 2098; x_wconf 86' lang='lat' dir='ltr'>Eliciunt</span> <span class='ocrx_word' id='word_1_212' title='bbox 445 2056 564 2099; x_wconf 87' lang='lat' dir='ltr'>caelo</span> <span class='ocrx_word' id='word_1_213' title='bbox 596 2059 657 2112; x_wconf 85' lang='lat' dir='ltr'>te,</span> <span class='ocrx_word' id='word_1_214' title='bbox 688 2056 901 2113; x_wconf 87' lang='lat' dir='ltr'>Iuppiter,</span> <span class='ocrx_word' id='word_1_215' title='bbox 931 2058 1044 2101; x_wconf 91' lang='lat' dir='ltr'>unde</span> <span class='ocrx_word' id='word_1_216' title='bbox 1075 2058 1262 2101; x_wconf 90' lang='lat' dir='ltr'>minores</span> 
     </span>
     <span class='ocr_line' id='line_1_39' title="bbox 279 2117 1426 2173; baseline 0.003 -16"><span class='ocrx_word' id='word_1_217' title='bbox 279 2129 393 2158; x_wconf 89' lang='lat' dir='ltr'>nunc</span> <span class='ocrx_word' id='word_1_218' title='bbox 424 2130 594 2171; x_wconf 90' lang='lat' dir='ltr'>quoque</span> <span class='ocrx_word' id='word_1_219' title='bbox 625 2119 668 2158; x_wconf 86' lang='lat' dir='ltr'>te</span> <span class='ocrx_word' id='word_1_220' title='bbox 700 2117 922 2159; x_wconf 88' lang='lat' dir='ltr'>celebrant</span> <span class='ocrx_word' id='word_1_221' title='bbox 952 2117 1225 2173; x_wconf 87' lang='lat' dir='ltr'>Eliciumque</span> <span class='ocrx_word' id='word_1_222' title='bbox 1257 2120 1426 2160; x_wconf 86' lang='lat' dir='ltr'>vocant.</span> 
     </span>
    </p>

    <p class='ocr_par' dir='ltr' id='par_1_29' title="bbox 223 2175 1372 2232">
     <span class='ocr_line' id='line_1_40' title="bbox 223 2175 1372 2232; baseline 0.003 -16"><span class='ocrx_word' id='word_1_223' title='bbox 223 2176 394 2216; x_wconf 89' lang='lat' dir='ltr'>constat</span> <span class='ocrx_word' id='word_1_224' title='bbox 428 2175 668 2218; x_wconf 86' lang='lat' dir='ltr'>Aventinae</span> <span class='ocrx_word' id='word_1_225' title='bbox 699 2177 932 2219; x_wconf 88' lang='lat' dir='ltr'>tremuisse</span> <span class='ocrx_word' id='word_1_226' title='bbox 964 2180 1187 2219; x_wconf 88' lang='lat' dir='ltr'>cacumina</span> <span class='ocrx_word' id='word_1_227' title='bbox 1219 2177 1372 2232; x_wconf 84' lang='lat' dir='ltr'>silvae,</span> 
     </span>
    </p>
   </div>
   <div class='ocr_carea' id='block_1_14' title="bbox 109 2236 196 2275">
    <p class='ocr_par' dir='ltr' id='par_1_30' title="bbox 109 2236 196 2275">
     <span class='ocr_line' id='line_1_41' title="bbox 109 2236 196 2275; baseline 0 0"><span class='ocrx_word' id='word_1_228' title='bbox 109 2236 196 2275; x_wconf 84' lang='lat'>330</span> 
     </span>
    </p>
   </div>
   <div class='ocr_carea' id='block_1_15' title="bbox 105 2323 851 2417">
    <p class='ocr_par' dir='ltr' id='par_1_31' title="bbox 105 2323 851 2417">
     <span class='ocr_line' id='line_1_42' title="bbox 152 2323 850 2367; baseline 0.007 -8"><span class='ocrx_word' id='word_1_229' title='bbox 152 2327 233 2361; x_wconf 87' lang='grc'><strong>308.</strong></span> <span class='ocrx_word' id='word_1_230' title='bbox 259 2323 285 2367; x_wconf 81' lang='lat' dir='ltr'>f.</span> <span class='ocrx_word' id='word_1_231' title='bbox 305 2325 375 2360; x_wconf 79' lang='lat' dir='ltr'>illa</span> <span class='ocrx_word' id='word_1_232' title='bbox 391 2328 531 2363; x_wconf 76' lang='lat' dir='ltr'>tenent.-</span> <span class='ocrx_word' id='word_1_233' title='bbox 552 2327 640 2362; x_wconf 84' lang='lat' dir='ltr'>weil</span> <span class='ocrx_word' id='word_1_234' title='bbox 659 2326 714 2363; x_wconf 86' lang='lat' dir='ltr'>sie</span> <span class='ocrx_word' id='word_1_235' title='bbox 732 2327 850 2364; x_wconf 86' lang='lat' dir='ltr'>durch</span> 
     </span>
     <span class='ocr_line' id='line_1_43' title="bbox 105 2370 851 2417; baseline 0.007 -11"><span class='ocrx_word' id='word_1_236' title='bbox 105 2370 166 2407; x_wconf 84' lang='lat' dir='ltr'>die</span> <span class='ocrx_word' id='word_1_237' title='bbox 180 2370 413 2417; x_wconf 84' lang='lat' dir='ltr'>Gegenwehr</span> <span class='ocrx_word' id='word_1_238' title='bbox 426 2372 487 2408; x_wconf 88' lang='lat' dir='ltr'>die</span> <span class='ocrx_word' id='word_1_239' title='bbox 502 2372 641 2409; x_wconf 85' lang='lat' dir='ltr'>Ketten</span> <span class='ocrx_word' id='word_1_240' title='bbox 653 2386 724 2410; x_wconf 87' lang='lat' dir='ltr'>nur</span> <span class='ocrx_word' id='word_1_241' title='bbox 736 2375 851 2411; x_wconf 80' lang='lat' dir='ltr'>fester</span> 
     </span>
    </p>
   </div>
   <div class='ocr_carea' id='block_1_16' title="bbox 101 2418 853 2941">
    <p class='ocr_par' dir='ltr' id='par_1_32' title="bbox 102 2418 851 2551">
     <span class='ocr_line' id='line_1_44' title="bbox 102 2418 851 2459; baseline 0.007 -6"><span class='ocrx_word' id='word_1_242' title='bbox 102 2418 244 2454; x_wconf 86' lang='lat' dir='ltr'>ziehen.</span> <span class='ocrx_word' id='word_1_243' title='bbox 270 2439 315 2446; x_wconf 92' lang='lat'><strong>—</strong></span> <span class='ocrx_word' id='word_1_244' title='bbox 349 2423 429 2455; x_wconf 86' lang='grc'><strong>312.</strong></span> <span class='ocrx_word' id='word_1_245' title='bbox 461 2431 619 2456; x_wconf 75' lang='lat' dir='ltr'>cornua:</span> <span class='ocrx_word' id='word_1_246' title='bbox 649 2433 677 2457; x_wconf 89' lang='lat' dir='ltr'>z.</span> <span class='ocrx_word' id='word_1_247' title='bbox 702 2421 739 2456; x_wconf 93' lang='lat'>11</span> <span class='ocrx_word' id='word_1_248' title='bbox 769 2426 851 2459; x_wconf 84' lang='lat'>268.</span> 
     </span>
     <span class='ocr_line' id='line_1_45' title="bbox 103 2467 851 2505; baseline 0.007 -5"><span class='ocrx_word' id='word_1_249' title='bbox 103 2485 149 2492; x_wconf 93' lang='lat'>——</span> <span class='ocrx_word' id='word_1_250' title='bbox 174 2469 255 2502; x_wconf 85' lang='lat'>313.</span> <span class='ocrx_word' id='word_1_251' title='bbox 287 2467 448 2503; x_wconf 75' lang='lat' dir='ltr'>monitu:</span> <span class='ocrx_word' id='word_1_252' title='bbox 479 2480 508 2504; x_wconf 84' lang='lat' dir='ltr'>z.</span> <span class='ocrx_word' id='word_1_253' title='bbox 540 2467 557 2502; x_wconf 92' lang='lat' dir='ltr'>I</span> <span class='ocrx_word' id='word_1_254' title='bbox 582 2472 663 2505; x_wconf 80' lang='lat'>46⁷.</span> <span class='ocrx_word' id='word_1_255' title='bbox 690 2489 734 2495; x_wconf 93' lang='lat'><strong>—</strong></span> <span class='ocrx_word' id='word_1_256' title='bbox 770 2474 851 2505; x_wconf 83' lang='lat'>314.</span> 
     </span>
     <span class='ocr_line' id='line_1_46' title="bbox 102 2513 481 2551; baseline 0.005 -2"><span class='ocrx_word' id='word_1_257' title='bbox 102 2514 261 2549; x_wconf 76' lang='lat' dir='ltr'>numina</span> <span class='ocrx_word' id='word_1_258' title='bbox 287 2513 481 2551; x_wconf 82' lang='lat' dir='ltr'>‘Walten’.</span> 
     </span>
    </p>

    <p class='ocr_par' dir='ltr' id='par_1_33' title="bbox 101 2561 853 2941">
     <span class='ocr_line' id='line_1_47' title="bbox 152 2561 852 2607; baseline 0.004 -11"><span class='ocrx_word' id='word_1_259' title='bbox 152 2563 233 2596; x_wconf 88' lang='grc'><strong>316.</strong></span> <span class='ocrx_word' id='word_1_260' title='bbox 258 2561 351 2598; x_wconf 81' lang='lat' dir='ltr'>tela.-</span> <span class='ocrx_word' id='word_1_261' title='bbox 370 2561 431 2597; x_wconf 89' lang='lat' dir='ltr'>die</span> <span class='ocrx_word' id='word_1_262' title='bbox 451 2561 584 2607; x_wconf 89' lang='lat' dir='ltr'>Blitze,</span> <span class='ocrx_word' id='word_1_263' title='bbox 605 2563 746 2598; x_wconf 87' lang='lat' dir='ltr'>welche</span> <span class='ocrx_word' id='word_1_264' title='bbox 766 2563 852 2599; x_wconf 89' lang='lat' dir='ltr'>dem</span> 
     </span>
     <span class='ocr_line' id='line_1_48' title="bbox 101 2607 852 2655; baseline 0.004 -12"><span class='ocrx_word' id='word_1_265' title='bbox 101 2607 214 2654; x_wconf 84' lang='lat' dir='ltr'>Jupp.</span> <span class='ocrx_word' id='word_1_266' title='bbox 252 2608 313 2644; x_wconf 87' lang='lat' dir='ltr'>die</span> <span class='ocrx_word' id='word_1_267' title='bbox 352 2609 546 2655; x_wconf 86' lang='lat' dir='ltr'>Cyklopen</span> <span class='ocrx_word' id='word_1_268' title='bbox 585 2610 852 2647; x_wconf 85' lang='lat' dir='ltr'>schmiedeten.</span> 
     </span>
     <span class='ocr_line' id='line_1_49' title="bbox 105 2655 853 2694; baseline 0.004 -3"><span class='ocrx_word' id='word_1_269' title='bbox 105 2675 149 2682; x_wconf 92' lang='lat'><strong>—</strong></span> <span class='ocrx_word' id='word_1_270' title='bbox 175 2656 282 2692; x_wconf 81' lang='lat' dir='ltr'>Iovi.-</span> <span class='ocrx_word' id='word_1_271' title='bbox 307 2655 393 2692; x_wconf 81' lang='lat' dir='ltr'>‘nur</span> <span class='ocrx_word' id='word_1_272' title='bbox 418 2656 502 2692; x_wconf 88' lang='lat' dir='ltr'>dem</span> <span class='ocrx_word' id='word_1_273' title='bbox 528 2657 592 2693; x_wconf 87' lang='lat' dir='ltr'>J.’.</span> <span class='ocrx_word' id='word_1_274' title='bbox 617 2678 663 2684; x_wconf 85' lang='lat'><strong>—</strong></span> <span class='ocrx_word' id='word_1_275' title='bbox 688 2661 768 2694; x_wconf 81' lang='lat'>317.</span> <span class='ocrx_word' id='word_1_276' title='bbox 795 2659 853 2694; x_wconf 85' lang='lat' dir='ltr'>de-</span> 
     </span>
     <span class='ocr_line' id='line_1_50' title="bbox 102 2703 852 2750; baseline 0.004 -12"><span class='ocrx_word' id='word_1_277' title='bbox 102 2703 232 2739; x_wconf 77' lang='lat' dir='ltr'>ducere</span> <span class='ocrx_word' id='word_1_278' title='bbox 257 2703 317 2739; x_wconf 86' lang='lat' dir='ltr'>die</span> <span class='ocrx_word' id='word_1_279' title='bbox 347 2716 380 2740; x_wconf 85' lang='lat' dir='ltr'>v.</span> <span class='ocrx_word' id='word_1_280' title='bbox 406 2715 532 2750; x_wconf 86' lang='lat' dir='ltr'>propr.</span> <span class='ocrx_word' id='word_1_281' title='bbox 558 2705 620 2741; x_wconf 91' lang='lat' dir='ltr'>bei</span> <span class='ocrx_word' id='word_1_282' title='bbox 657 2705 852 2741; x_wconf 77' lang='lat' dir='ltr'>Beschw5-</span> 
     </span>
     <span class='ocr_line' id='line_1_51' title="bbox 103 2752 853 2842; baseline 0.005 -10"><span class='ocrx_word' id='word_1_283' title='bbox 103 2761 258 2834; x_wconf 56' lang='grc' dir='ltr'>ἒῗῑῖιῗῐῖἓ</span> <span class='ocrx_word' id='word_1_284' title='bbox 277 2771 349 2842; x_wconf 57' lang='grc' dir='ltr'>Ξῖ</span> <span class='ocrx_word' id='word_1_285' title='bbox 382 2755 480 2834; x_wconf 46' lang='lat' dir='ltr'>2332OE</span> <span class='ocrx_word' id='word_1_286' title='bbox 502 2752 853 2836; x_wconf 42' lang='lat' dir='ltr'>&#39;illeblilaScllitwurer</span> 
     </span>
     <span class='ocr_line' id='line_1_52' title="bbox 104 2843 852 2906; baseline 0.003 -26"><span class='ocrx_word' id='word_1_287' title='bbox 104 2843 212 2880; x_wconf 88' lang='lat' dir='ltr'>Hom.</span> <span class='ocrx_word' id='word_1_288' title='bbox 232 2844 274 2881; x_wconf 90' lang='lat' dir='ltr'>Il.</span> <span class='ocrx_word' id='word_1_289' title='bbox 300 2847 410 2882; x_wconf 78' lang='grc'><strong>037·</strong></span> <span class='ocrx_word' id='word_1_290' title='bbox 435 2846 501 2882; x_wconf 77' lang='grc' dir='ltr'>καὶ</span> <span class='ocrx_word' id='word_1_291' title='bbox 519 2844 561 2882; x_wconf 86' lang='grc' dir='ltr'>τὸ</span> <span class='ocrx_word' id='word_1_292' title='bbox 581 2845 852 2906; x_wconf 79' lang='grc' dir='ltr'><strong><em>κατειβόμενον</em></strong></span> 
     </span>
     <span class='ocr_line' id='line_1_53' title="bbox 104 2889 852 2941; baseline 0.007 -15"><span class='ocrx_word' id='word_1_293' title='bbox 104 2889 251 2937; x_wconf 78' lang='grc' dir='ltr'><strong><em>Στυγὸς</em></strong></span> <span class='ocrx_word' id='word_1_294' title='bbox 274 2890 391 2939; x_wconf 73' lang='grc' dir='ltr'><strong><em>ὕδωρ,</em></strong></span> <span class='ocrx_word' id='word_1_295' title='bbox 416 2906 458 2935; x_wconf 82' lang='grc' dir='ltr'>ος</span> <span class='ocrx_word' id='word_1_296' title='bbox 481 2906 520 2929; x_wconf 85' lang='grc' dir='ltr'>τε</span> <span class='ocrx_word' id='word_1_297' title='bbox 544 2892 714 2941; x_wconf 77' lang='grc' dir='ltr'><strong><em>μέγιστος</em></strong></span> <span class='ocrx_word' id='word_1_298' title='bbox 739 2908 852 2941; x_wconf 63' lang='lat' dir='ltr'>equos·</span> 
     </span>
    </p>
   </div>
   <div class='ocr_carea' id='block_1_17' title="bbox 286 2235 1275 2292">
    <p class='ocr_par' dir='ltr' id='par_1_34' title="bbox 286 2235 1275 2292">
     <span class='ocr_line' id='line_1_54' title="bbox 286 2235 1275 2292; baseline 0.004 -18"><span class='ocrx_word' id='word_1_299' title='bbox 286 2235 485 2288; x_wconf 90' lang='lat' dir='ltr'>terraque</span> <span class='ocrx_word' id='word_1_300' title='bbox 517 2235 714 2278; x_wconf 90' lang='lat' dir='ltr'>subsedit</span> <span class='ocrx_word' id='word_1_301' title='bbox 746 2236 932 2291; x_wconf 85' lang='lat' dir='ltr'>pondere</span> <span class='ocrx_word' id='word_1_302' title='bbox 963 2251 1115 2292; x_wconf 89' lang='lat' dir='ltr'>pressa</span> <span class='ocrx_word' id='word_1_303' title='bbox 1146 2235 1275 2278; x_wconf 90' lang='lat' dir='ltr'>Iovis.</span> 
     </span>
    </p>
   </div>
   <div class='ocr_carea' id='block_1_18' title="bbox 923 2326 1675 2507">
    <p class='ocr_par' dir='ltr' id='par_1_35' title="bbox 923 2326 1675 2507">
     <span class='ocr_line' id='line_1_55' title="bbox 923 2326 1675 2374; baseline 0.003 -11"><span class='ocrx_word' id='word_1_304' title='bbox 923 2326 1142 2369; x_wconf 74' lang='grc' dir='ltr'><strong><em>δεινότατός</em></strong></span> <span class='ocrx_word' id='word_1_305' title='bbox 1154 2341 1193 2363; x_wconf 86' lang='grc' dir='ltr'>τε</span> <span class='ocrx_word' id='word_1_306' title='bbox 1213 2328 1319 2364; x_wconf 74' lang='grc' dir='ltr'><em>πέλει</em></span> <span class='ocrx_word' id='word_1_307' title='bbox 1339 2328 1549 2374; x_wconf 81' lang='grc' dir='ltr'><strong><em>μακάρεσσι</em></strong></span> <span class='ocrx_word' id='word_1_308' title='bbox 1568 2331 1675 2366; x_wconf 82' lang='grc' dir='ltr'><em>θεοῖ-</em></span> 
     </span>
     <span class='ocr_line' id='line_1_56' title="bbox 924 2376 1675 2421; baseline 0.003 -10"><span class='ocrx_word' id='word_1_309' title='bbox 924 2387 982 2411; x_wconf 88' lang='grc' dir='ltr'>σιν</span> <span class='ocrx_word' id='word_1_310' title='bbox 1003 2377 1064 2421; x_wconf 91' lang='lat'>(=</span> <span class='ocrx_word' id='word_1_311' title='bbox 1079 2376 1146 2411; x_wconf 88' lang='lat' dir='ltr'>Od.</span> <span class='ocrx_word' id='word_1_312' title='bbox 1169 2388 1185 2411; x_wconf 88' lang='grc' dir='ltr'><em>ε</em></span> <span class='ocrx_word' id='word_1_313' title='bbox 1202 2378 1296 2420; x_wconf 88' lang='lat'>185).</span> <span class='ocrx_word' id='word_1_314' title='bbox 1310 2397 1353 2402; x_wconf 97' lang='lat'><strong>—</strong></span> <span class='ocrx_word' id='word_1_315' title='bbox 1380 2380 1461 2411; x_wconf 90' lang='grc'><strong>323.</strong></span> <span class='ocrx_word' id='word_1_316' title='bbox 1488 2378 1675 2414; x_wconf 78' lang='lat' dir='ltr'>carmina.-</span> 
     </span>
     <span class='ocr_line' id='line_1_57' title="bbox 924 2422 1675 2469; baseline 0.004 -12"><span class='ocrx_word' id='word_1_317' title='bbox 924 2435 953 2459; x_wconf 85' lang='lat' dir='ltr'>z.</span> <span class='ocrx_word' id='word_1_318' title='bbox 980 2422 1015 2457; x_wconf 84' lang='grc' dir='ltr'>ΙΙ</span> <span class='ocrx_word' id='word_1_319' title='bbox 1040 2426 1121 2458; x_wconf 82' lang='grc'><strong>426.</strong></span> <span class='ocrx_word' id='word_1_320' title='bbox 1150 2443 1192 2448; x_wconf 89' lang='grc'>-</span> <span class='ocrx_word' id='word_1_321' title='bbox 1227 2427 1307 2460; x_wconf 85' lang='lat'>325.</span> <span class='ocrx_word' id='word_1_322' title='bbox 1333 2424 1437 2459; x_wconf 80' lang='lat' dir='ltr'>nobis</span> <span class='ocrx_word' id='word_1_323' title='bbox 1467 2425 1605 2469; x_wconf 71' lang='lat' dir='ltr'>gehort</span> <span class='ocrx_word' id='word_1_324' title='bbox 1628 2437 1675 2461; x_wconf 82' lang='lat' dir='ltr'>zu</span> 
     </span>
     <span class='ocr_line' id='line_1_58' title="bbox 924 2470 1477 2507; baseline 0.002 -1"><span class='ocrx_word' id='word_1_325' title='bbox 924 2481 1092 2506; x_wconf 72' lang='lat' dir='ltr'>concessa</span> <span class='ocrx_word' id='word_1_326' title='bbox 1116 2470 1192 2505; x_wconf 89' lang='lat' dir='ltr'>und</span> <span class='ocrx_word' id='word_1_327' title='bbox 1217 2483 1262 2506; x_wconf 87' lang='lat' dir='ltr'>zu</span> <span class='ocrx_word' id='word_1_328' title='bbox 1287 2474 1477 2507; x_wconf 63' lang='lat' dir='ltr'>canentum.</span> 
     </span>
    </p>
   </div>
   <div class='ocr_carea' id='block_1_19' title="bbox 923 2565 1675 2934">
    <p class='ocr_par' dir='ltr' id='par_1_36' title="bbox 923 2565 1675 2933">
     <span class='ocr_line' id='line_1_59' title="bbox 972 2565 1675 2610; baseline 0.003 -10"><span class='ocrx_word' id='word_1_329' title='bbox 972 2568 1053 2600; x_wconf 82' lang='grc'><strong>327.</strong></span> <span class='ocrx_word' id='word_1_330' title='bbox 1073 2565 1248 2601; x_wconf 78' lang='lat' dir='ltr'>minores.-</span> <span class='ocrx_word' id='word_1_331' title='bbox 1260 2566 1412 2610; x_wconf 75' lang='lat' dir='ltr'>posteri.</span> <span class='ocrx_word' id='word_1_332' title='bbox 1426 2586 1471 2591; x_wconf 93' lang='lat'>—</span> <span class='ocrx_word' id='word_1_333' title='bbox 1493 2569 1574 2602; x_wconf 85' lang='grc'><strong>328.</strong></span> <span class='ocrx_word' id='word_1_334' title='bbox 1589 2566 1675 2602; x_wconf 79' lang='lat' dir='ltr'>Eli-</span> 
     </span>
     <span class='ocr_line' id='line_1_60' title="bbox 925 2611 1674 2659; baseline 0.005 -13"><span class='ocrx_word' id='word_1_335' title='bbox 925 2612 1005 2647; x_wconf 82' lang='lat' dir='ltr'>eius</span> <span class='ocrx_word' id='word_1_336' title='bbox 1038 2611 1132 2646; x_wconf 87' lang='lat' dir='ltr'>wird</span> <span class='ocrx_word' id='word_1_337' title='bbox 1167 2612 1247 2648; x_wconf 83' lang='lat' dir='ltr'>also</span> <span class='ocrx_word' id='word_1_338' title='bbox 1281 2612 1392 2659; x_wconf 88' lang='lat' dir='ltr'>Jupp.</span> <span class='ocrx_word' id='word_1_339' title='bbox 1425 2624 1499 2649; x_wconf 87' lang='lat' dir='ltr'>von</span> <span class='ocrx_word' id='word_1_340' title='bbox 1534 2613 1575 2649; x_wconf 93' lang='grc' dir='ltr'><strong>Ο.</strong></span> <span class='ocrx_word' id='word_1_341' title='bbox 1609 2625 1674 2659; x_wconf 89' lang='lat' dir='ltr'>ge-</span> 
     </span>
     <span class='ocr_line' id='line_1_61' title="bbox 925 2659 1674 2707; baseline 0.004 -14"><span class='ocrx_word' id='word_1_342' title='bbox 925 2659 1082 2694; x_wconf 84' lang='lat' dir='ltr'>nannt‘</span> <span class='ocrx_word' id='word_1_343' title='bbox 1086 2660 1176 2704; x_wconf 76' lang='lat' dir='ltr'>quia</span> <span class='ocrx_word' id='word_1_344' title='bbox 1197 2660 1356 2696; x_wconf 76' lang='lat' dir='ltr'>elicitur’</span> <span class='ocrx_word' id='word_1_345' title='bbox 1384 2662 1514 2707; x_wconf 84' lang='lat' dir='ltr'>(etwas</span> <span class='ocrx_word' id='word_1_346' title='bbox 1538 2662 1674 2696; x_wconf 86' lang='lat' dir='ltr'>anders</span> 
     </span>
     <span class='ocr_line' id='line_1_62' title="bbox 924 2706 1674 2753; baseline 0.005 -13"><span class='ocrx_word' id='word_1_347' title='bbox 924 2706 1004 2743; x_wconf 82' lang='lat' dir='ltr'>Liv.</span> <span class='ocrx_word' id='word_1_348' title='bbox 1023 2706 1042 2740; x_wconf 94' lang='lat' dir='ltr'>I</span> <span class='ocrx_word' id='word_1_349' title='bbox 1066 2710 1124 2750; x_wconf 87' lang='grc'>20,</span> <span class='ocrx_word' id='word_1_350' title='bbox 1145 2710 1178 2752; x_wconf 84' lang='grc'>’1,</span> <span class='ocrx_word' id='word_1_351' title='bbox 1204 2719 1275 2743; x_wconf 89' lang='lat' dir='ltr'>nur</span> <span class='ocrx_word' id='word_1_352' title='bbox 1299 2707 1378 2753; x_wconf 86' lang='lat' dir='ltr'>allg</span> <span class='ocrx_word' id='word_1_353' title='bbox 1380 2708 1502 2744; x_wconf 87' lang='lat' dir='ltr'>emein</span> <span class='ocrx_word' id='word_1_354' title='bbox 1530 2708 1592 2744; x_wconf 84' lang='lat' dir='ltr'>‘ab</span> <span class='ocrx_word' id='word_1_355' title='bbox 1611 2709 1674 2744; x_wconf 77' lang='lat' dir='ltr'>eli-</span> 
     </span>
     <span class='ocr_line' id='line_1_63' title="bbox 924 2720 1675 2799; baseline 0.003 -10"><span class='ocrx_word' id='word_1_356' title='bbox 924 2753 1066 2790; x_wconf 79' lang='lat' dir='ltr'>ciendo’</span> <span class='ocrx_word' id='word_1_357' title='bbox 1106 2753 1211 2790; x_wconf 83' lang='lat' dir='ltr'>Varr.</span> <span class='ocrx_word' id='word_1_358' title='bbox 1244 2755 1290 2791; x_wconf 90' lang='lat' dir='ltr'>de</span> <span class='ocrx_word' id='word_1_359' title='bbox 1324 2756 1348 2791; x_wconf 84' lang='lat' dir='ltr'>l</span> <span class='ocrx_word' id='word_1_360' title='bbox 1354 2720 1405 2791; x_wconf 76' lang='lat' dir='ltr'>gL</span> <span class='ocrx_word' id='word_1_361' title='bbox 1431 2755 1484 2791; x_wconf 93' lang='lat' dir='ltr'>VI</span> <span class='ocrx_word' id='word_1_362' title='bbox 1517 2758 1595 2799; x_wconf 82' lang='lat'>94):</span> <span class='ocrx_word' id='word_1_363' title='bbox 1635 2766 1675 2791; x_wconf 86' lang='lat' dir='ltr'>er</span> 
     </span>
     <span class='ocr_line' id='line_1_64' title="bbox 924 2800 1674 2849; baseline 0.004 -14"><span class='ocrx_word' id='word_1_364' title='bbox 924 2801 1032 2836; x_wconf 84' lang='lat' dir='ltr'>hatte</span> <span class='ocrx_word' id='word_1_365' title='bbox 1051 2801 1179 2837; x_wconf 87' lang='lat' dir='ltr'>seinen</span> <span class='ocrx_word' id='word_1_366' title='bbox 1189 2800 1300 2838; x_wconf 81' lang='lat' dir='ltr'>Altar</span> <span class='ocrx_word' id='word_1_367' title='bbox 1312 2802 1382 2838; x_wconf 82' lang='lat' dir='ltr'>auf</span> <span class='ocrx_word' id='word_1_368' title='bbox 1398 2803 1483 2838; x_wconf 89' lang='lat' dir='ltr'>dem</span> <span class='ocrx_word' id='word_1_369' title='bbox 1496 2801 1674 2849; x_wconf 74' lang='lat' dir='ltr'>Aventia,</span> 
     </span>
     <span class='ocr_line' id='line_1_65' title="bbox 925 2847 1671 2887; baseline 0.005 -4"><span class='ocrx_word' id='word_1_370' title='bbox 925 2847 1067 2884; x_wconf 85' lang='lat' dir='ltr'>Becker</span> <span class='ocrx_word' id='word_1_371' title='bbox 1089 2848 1106 2883; x_wconf 95' lang='lat' dir='ltr'>I</span> <span class='ocrx_word' id='word_1_372' title='bbox 1133 2849 1168 2885; x_wconf 86' lang='lat' dir='ltr'>S.</span> <span class='ocrx_word' id='word_1_373' title='bbox 1189 2853 1271 2886; x_wconf 83' lang='lat'>450.</span> <span class='ocrx_word' id='word_1_374' title='bbox 1296 2871 1344 2876; x_wconf 93' lang='lat'>——-</span> <span class='ocrx_word' id='word_1_375' title='bbox 1369 2854 1449 2886; x_wconf 88' lang='grc'><strong>329.</strong></span> <span class='ocrx_word' id='word_1_376' title='bbox 1476 2862 1504 2885; x_wconf 91' lang='lat' dir='ltr'>z.</span> <span class='ocrx_word' id='word_1_377' title='bbox 1530 2849 1565 2885; x_wconf 88' lang='lat'>11</span> <span class='ocrx_word' id='word_1_378' title='bbox 1590 2853 1671 2887; x_wconf 80' lang='grc'><strong>439.</strong></span> 
     </span>
     <span class='ocr_line' id='line_1_66' title="bbox 923 2895 1290 2934; baseline 0.006 -3"><span class='ocrx_word' id='word_1_379' title='bbox 923 2916 970 2922; x_wconf 96' lang='grc'>-</span> <span class='ocrx_word' id='word_1_380' title='bbox 996 2899 1075 2932; x_wconf 88' lang='grc'><strong>330.</strong></span> <span class='ocrx_word' id='word_1_381' title='bbox 1106 2895 1142 2934; x_wconf 84' lang='lat' dir='ltr'>S.</span> <span class='ocrx_word' id='word_1_382' title='bbox 1168 2897 1185 2932; x_wconf 95' lang='lat' dir='ltr'>I</span> <span class='ocrx_word' id='word_1_383' title='bbox 1211 2900 1290 2934; x_wconf 80' lang='lat'>568.</span> 
     </span>
    </p>
   </div>
  </div>
 </body>
</html>
