1820 3126
172 119 260 162 268

796 119 907 156 Ovidi
931 120 1112 156 fastorum

351 227 572 283 Vestaque
603 242 681 283 pro
713 227 841 270 Latio
873 227 1013 269 multa.
1043 228 1189 269 locuta
1221 241 1298 269 suo
1331 230 1408 270 est.

292 286 510 329 ‘Publica'
542 286 768 340 respondit
799 284 922 328 ecura
954 289 1020 328 est
1049 301 1128 341 pro
1161 286 1386 328 moenibus
1418 285 1549 338 istis',

349 345 544 400 Iuppiter
576 345 641 386 ‘et
671 359 832 399 poenas
865 344 1007 387 Gallia
1038 345 1152 387 victa
1183 345 1313 388 dabit.

289 406 337 446 tu
369 404 495 446 modo
529 417 637 458 quae
670 403 826 445 desunt
856 403 1020 459 fruges,
1052 417 1272 458 superesse
1303 405 1519 459 putentur,

173 467 260 506 380

351 462 471 504 effice
502 476 581 503 nec
613 462 733 504 sedes
767 462 930 513 desere,
962 461 1119 518 Vesta,
1151 464 1259 504 tuas.

278 522 585 575 *quodcumque
617 523 684 562 est
715 520 878 563 solidae
911 520 1095 571 Cereris,
1128 535 1232 563 cava
1264 521 1463 562 machina
1493 521 1686 577 frangat,

348 579 648 634 mollitamque
680 594 809 621 manu
841 579 965 621 duret
995 579 1040 621 in
1071 580 1172 634 igne
1203 579 1354 622 focus?
1680 604 1681 608 =

289 637 496 693 Iusserat,
529 641 571 679 et
600 637 748 680 fratris
782 639 905 694 virgo
938 637 1143 680 Saturnia
1172 638 1301 681 iussis

349 697 509 738 adnuit.
561 699 604 738 et
634 697 801 739 mediae
832 700 1031 751 tempora
1060 697 1200 739 noetis
1233 699 1373 750 erant,

171 760 254 798 385
287 755 375 796 iam
407 755 585 798 ducibus
618 770 816 798 somnum
849 756 1023 798 dederat
1054 755 1197 798 labor:
1227 755 1422 811 increpat
1453 755 1553 799 illos

346 813 540 869 Iuppiter
572 816 615 856 et
646 829 784 869 sacro,
817 815 917 870 quid
949 815 1071 869 velit,
1103 828 1175 857 ore
1208 814 1347 856 docet:

290 871 486 929 ‘surgite
519 875 562 915 et
593 873 640 914 in
671 874 835 915 medios
869 874 920 915 de
953 873 1132 915 summis
1165 873 1336 916 arcibus
1368 873 1516 916 hostes

347 932 526 983 mittite,
558 946 687 986 quam
719 932 896 974 minime
927 932 1095 974 tradere
1127 933 1278 986 vultis,
1310 931 1478 987 opem!'

287 989 471 1033 Somnus
504 990 614 1045 abit,
648 994 943 1047 quaeruntque
974 991 1097 1034 novis
1130 991 1386 1046 ambagibus
1420 991 1525 1046 aeti,

170 1054 256 1092 390

346 1049 517 1091 tradere
550 1064 679 1104 quam
709 1050 855 1092 nolint
887 1053 930 1091 et
959 1050 1189 1092 iubeantur
1221 1064 1363 1105 opem:

288 1122 380 1150 esse
413 1107 541 1150 Ceres
573 1108 667 1151 visa.
698 1111 774 1152 est.
824 1109 988 1151 iaciunt
1019 1107 1203 1151 Cerialia
1234 1109 1364 1163 dona,

346 1167 460 1209 iacta
492 1181 619 1222 super
650 1168 798 1223 galeas
832 1170 1038 1222 scutaque
1070 1167 1203 1222 longa
1235 1169 1403 1210 sonant.

285 1240 414 1281 posse
445 1225 558 1268 fame
590 1226 704 1268 vinci
738 1241 835 1281 spes
868 1226 1037 1269 excidit.
1085 1225 1224 1268 Hoste
1255 1226 1427 1281 repulso

346 1285 527 1326 candida
560 1284 718 1327 Pistori
749 1285 925 1340 ponitur
957 1300 1031 1327 ara
1062 1284 1168 1327 Iovi.
1199 1309 1258 1314 —-

166 1348 251 1386 395
286 1341 416 1385 Forte
447 1343 694 1386 revertebar
726 1344 847 1386 festis
879 1343 1131 1386 Vestalibus
1162 1344 1257 1398 illa,

346 1417 430 1457 qua
459 1416 573 1445 nova
603 1402 799 1445 Romano
830 1417 943 1444 nune
974 1403 1045 1445 via
1075 1403 1223 1445 iuncta
1253 1402 1347 1444 foro
1381 1404 1458 1445 est.

284 1460 368 1502 huc
399 1461 506 1515 pede
538 1464 783 1503 matronam
814 1461 902 1503 vidi
935 1461 1190 1503 descendere
1221 1461 1355 1503 nudo:

346 1520 538 1574 obstipui
568 1520 726 1562 tacitus
760 1520 1028 1575 sustinuique
1060 1520 1253 1575 gradum.

286 1579 422 1620 sensit
454 1593 563 1620 anus
595 1579 735 1621 vicina
767 1579 851 1621 loci
881 1579 1130 1634 iussumque
1162 1578 1309 1634 sed-{Vre

166 1641 253 1680 400

346 1637 579 1692 alloquitur
611 1638 808 1692 quatiens
840 1652 943 1681 voce
974 1639 1185 1679 tremente
1213 1635 1364 1692 caput:

286 1695 415 1751 ‘Hoc7
445 1695 520 1737 ubi
551 1711 665 1738 nune
696 1696 792 1738 fora
825 1698 944 1751 sunt,
973 1696 1083 1738 udae
1114 1698 1287 1738 tenuere
1319 1695 1515 1750 paludes,

164 1799 276 1845 Verg.
302 1799 392 1835 Aen.
419 1799 489 1835 VII
522 1803 607 1836 187:
639 1801 725 1845 Ipse
762 1800 909 1845 (Picus)

167 1845 360 1892 Quirinali
403 1847 495 1883 lituo
533 1858 725 1893 parvaque
767 1848 911 1884 sedebat

165 1895 371 1929 succinctus
393 1895 527 1930 trabea.

212 1944 292 1977 377.
312 1941 467 1987 publica
480 1941 504 1977 i.
518 1952 548 1976 e.
563 1940 728 1976 omnium
744 1941 908 1977 deorum.

213 1991 292 2024 380.
320 1987 500 2024 Etoberte
519 1988 650 2024 Stadte
665 1989 816 2024 wurden
835 2000 910 2025 von

164 2033 272 2070 ihren
298 2035 458 2070 Gottern
482 2035 682 2071 verlassen.

212 2085 292 2118 381.
321 2081 423 2118 Ceres
440 2082 562 2118 solida
576 2099 620 2112 =
641 2093 758 2127 grana
777 2082 907 2127 solida,

163 2129 328 2164 nondum
358 2129 490 2165 fracta.
518 2149 562 2155 —
596 2140 687 2165 cava
717 2130 852 2165 mach:
877 2141 907 2165 Ζ.

164 2179 244 2212 318.
273 2197 317 2202 —
350 2179 430 2212 382.
463 2177 642 2221 mollitus,
671 2177 682 2194 ‘
693 2176 908 2222 g3eknetet'

163 2222 240 2267 vgl.
276 2224 365 2259 met.
391 2223 481 2258 VIII
508 2227 594 2259 198:
630 2189 766 2268 slavgam
803 2224 909 2260 modo

160 2271 292 2315 pollice
311 2281 437 2306 ceram
447 2272 622 2307 mollibat.
638 2291 682 2297 --
704 2275 785 2306 383.
805 2272 909 2317 virqo

163 2316 364 2361 Saturnia,
389 2318 524 2363 Vesta,
561 2330 588 2354 s.
615 2318 728 2353 285f.
756 2338 800 2344 ——
827 2321 907 2354 385.

164 2364 332 2409 ducibus,
353 2345 478 2400 denen
503 2365 572 2400 auf
592 2365 679 2400 dem
703 2365 867 2410 Kapitol.

211 2414 291 2446 389.
312 2412 416 2447 novis
435 2413 649 2457 ambayibus
668 2413 754 2454 acti,
777 2412 908 2447 ‘durch

163 2456 230 2492 das
263 2459 487 2494 sonderbare
513 2459 643 2494 R'atsel
681 2439 907 2504 auf’geregt'‚

164 2515 192 2538 s.
212 2516 240 2540 Ζ.
260 2504 312 2540 IV
332 2509 412 2541 261.
432 2526 478 2531 —
505 2510 584 2542 391.
611 2517 682 2542 esse
702 2506 805 2542 Ceres
828 2507 909 2541 visa

163 2555 232 2594 est,
270 2551 436 2586 namlich
473 2565 560 2598 ops,
605 2564 718 2597 quam
760 2554 907 2589 tradere

161 2597 286 2633 nolint
316 2601 355 2634 et
384 2598 599 2635 iubeantur.
630 2621 674 2626 —
707 2604 787 2636 392.
820 2599 881 2645 Vg
883 2600 906 2635 1.

160 2642 239 2681 Liv.
265 2644 456 2681 XXXVIII
482 2651 543 2691 21,
569 2651 609 2683 4·
645 2647 759 2683 Scuta
782 2648 903 2694 lonqa,

163 2695 316 2727 ceterum
340 2694 390 2728 ad
414 2674 693 2739 amplitudinem
712 2705 903 2739 corporum

156 2748 294 2782 parum
319 2740 416 2782 lata,
441 2745 473 2776 et
497 2752 539 2776 ea
563 2742 646 2786 ipsa
665 2742 786 2786 plana
809 2742 903 2777 male

160 2786 325 2829 teqebant
344 2787 479 2823 Gallos.
495 2808 539 2814 —
560 2792 640 2823 393.
661 2789 807 2832 excidit,
831 2789 902 2823 den

161 2830 338 2869 Galliern.
378 2854 422 2859 —-
462 2838 541 2871 394.
580 2836 762 2880 candida,
804 2846 901 2870 mar-

161 2887 296 2915 morea.

1032 1798 1417 1835 395—416.Warum
1443 1799 1503 1835 die
1528 1800 1727 1836 Matronen

983 1859 1031 1882 an
1050 1847 1123 1882 den
1141 1846 1336 1882 Vestalien
1353 1846 1496 1881 barfuss
1516 1858 1598 1882 zum
1618 1847 1730 1883 Tem-

982 1894 1042 1940 pel
1057 1893 1246 1929 derVesta
1256 1904 1325 1939 zog
1327 1904 1384 1929 en.
1404 1893 1546 1929 Preller
1557 1893 1592 1929 II
1607 1894 1642 1930 S.
1647 1897 1728 1930 168.

1031 1945 1110 1976 395.
1143 1941 1226 1984 illa,
1260 1906 1357 1976 nageh
1389 1940 1474 1976 dem
1499 1941 1654 1977 Punkte.
1683 1961 1728 1968 —

983 1992 1063 2025 396.
1077 1988 1146 2023 Die
1159 1998 1258 2022 nova
1271 1986 1334 2023 via.
1345 1986 1416 2023 lief
1425 1999 1510 2023 vom
1524 1987 1728 2024 Velabrum

982 2046 1048 2070 aus
1075 2035 1212 2080 (einem
1238 2045 1287 2069 an
1306 2034 1374 2070 das
1393 2034 1531 2070 Forum
1555 2034 1727 2071 boarium

981 2082 1216 2127 grenzenden
1246 2081 1366 2125 Platz)
1405 2082 1476 2117 den
1508 2081 1728 2118 westlichen

980 2128 1143 2173 Abhang
1181 2129 1246 2164 des
1271 2126 1421 2164 Palatia
1446 2127 1618 2174 euthmg,
1650 2129 1727 2175 bog

981 2188 1045 2211 um
1071 2176 1173 2211 seine
1197 2175 1394 2211 nordliche
1421 2175 1547 2221 Spitze
1583 2177 1726 2221 herum,

983 2234 1042 2259 wo
1069 2223 1121 2258 sie
1146 2222 1209 2258 bei
1234 2223 1319 2257 dem
1346 2222 1503 2267 Tempel
1527 2223 1604 2258 und
1627 2222 1728 2259 Hain

982 2271 1046 2306 der
1070 2269 1188 2305 Vesta.
1222 2269 1290 2304 das
1318 2270 1454 2305 Forum
1486 2270 1725 2314 (Romanum)

980 2317 1156 2353 berfihrte
1184 2316 1278 2363 (dies
1299 2327 1377 2352 war
1395 2317 1456 2352 die
1480 2317 1610 2362 infima
1626 2327 1724 2354 nova

979 2365 1069 2410 via),
1094 2364 1172 2399 und
1197 2375 1265 2409 zog
1290 2363 1370 2399 sich
1396 2363 1495 2398 dann
1520 2374 1581 2398 am
1611 2363 1725 2400 nord·

980 2412 1104 2447 lichen
1135 2410 1297 2456 Abhang
1329 2412 1394 2446 des
1424 2410 1594 2446 Palatius
1626 2410 1724 2446 nach

981 2459 1045 2494 der
1070 2457 1180 2493 Velia.
1209 2457 1349 2493 hinauf.
1397 2457 1543 2493 Becker
1566 2459 1610 2493 R.
1635 2457 1679 2493 A.
1705 2457 1724 2492 I

981 2505 1017 2541 S.
1043 2509 1113 2540 243
1133 2505 1170 2540 ff.
1195 2525 1242 2531 —
1267 2509 1347 2540 398.
1372 2505 1618 2550 sustinuique:
1650 2517 1680 2540 z.
1705 2503 1724 2539 I

981 2556 1037 2588 44.
1060 2572 1104 2579 —
1130 2556 1211 2588 400.
1232 2553 1399 2597 quatiens
1418 2555 1529 2596 caput
1546 2552 1621 2587 und
1639 2561 1723 2588 voce

979 2603 1159 2644 tremente,
1177 2599 1305 2634 beides
1325 2598 1485 2634 Zeiehen
1505 2597 1570 2633 des
1583 2597 1719 2635 Alters.

974 2647 1043 2681 Die
1066 2645 1253 2682 namliehe
1271 2645 1504 2691 Erdichtung
1530 2644 1645 2682 sehon
1665 2644 1718 2682 IV

1022 2744 1103 2777 401.
1141 2740 1243 2784 fora,
1268 2738 1302 2775 d.
1328 2738 1364 2773 11.
1391 2738 1601 2783 olitorium,
1627 2738 1718 2774 boa-

977 2786 1074 2822 rium
1100 2787 1177 2822 und
1202 2787 1423 2821 Romanum.
1467 2785 1538 2821 Die
1563 2785 1720 2839 Gegend

973 2834 1102 2869 wurde
1138 2833 1358 2869 entw‘assert
1394 2832 1512 2868 durch
1547 2832 1609 2868 die
1645 2842 1720 2869 von

974 2882 1048 2916 den
1068 2877 1316 2924 Tarquiniern
1335 2879 1515 2915 erbauten
1533 2879 1718 2916 Kloaken.
