1820 3126
750 128 802 164 VI
828 132 1004 166 ‘le—131.

1569 129 1657 172 255

207 238 320 282 unde
352 238 476 281 datas
506 238 668 281 habeat
698 238 830 294 vires,
861 237 1085 281 obscurior
1115 252 1222 281 aevo

266 298 402 354 fama,
433 297 508 340 sed
539 312 562 340 e
592 299 744 340 nostro
776 297 967 340 carmine
998 299 1141 340 certus
1173 298 1270 340 eris.

92 362 176 401 105
208 357 392 400 Adiacet
422 357 626 412 antiquus
657 356 862 400 Tiberino
894 357 1015 399 lucus
1045 355 1244 412 Helerni,

266 416 493 472 pontifices
524 416 627 458 illuc
657 430 769 458 nunc
800 430 970 472 quoque
1002 430 1123 459 sacra
1151 416 1309 459 ferunt.

207 476 307 518 inde
339 477 435 518 sata
466 477 534 518 est
563 475 754 531 nymphe
786 473 975 531 (Cranen
1005 475 1151 518 dixere
1179 473 1387 543 priores),

267 534 527 591 nequiquam
558 534 709 576 multis
741 549 869 589 saepe
899 534 1039 590 petita
1068 535 1225 591 procis.

208 609 312 636 rura
343 594 466 649 sequi
496 593 732 649 iaculisque
762 592 880 636 feras
913 594 1082 649 agitare
1114 594 1285 637 solebat

94 659 178 697 110

268 652 544 709 nodosasque
575 668 682 696 cava
713 653 889 695 tendere
920 653 1032 695 valle
1061 653 1230 710 plagas.

203 727 292 755 non
322 712 477 755 habuit
506 712 776 768 pharetram,
807 711 973 755 Phoebi
1002 713 1152 755 tamen
1183 727 1276 755 esse
1309 727 1501 756 sororem

269 771 519 827 credebant,
550 786 630 814 nec
660 774 770 826 erat,
800 771 994 825 Phoebe,
1024 771 1224 826 pudenda
1255 772 1350 814 tibi.

205 831 304 874 huic
336 830 491 886 aliquis
523 831 728 873 iuvenum
758 830 938 872 dixisset
969 831 1163 873 amantia
1194 832 1345 886 verba,

267 889 475 932 reddebat
504 890 614 932 tales
644 890 843 945 protinus
874 889 955 931 illa
985 903 1136 932 sonos:

92 955 174 993 115
208 949 350 992 ‘Haec
381 949 476 992 loca
507 948 615 991 lucis
647 949 808 992 habent
836 948 967 991 nimis
999 951 1043 991 et
1074 963 1172 991 cum
1203 949 1298 992 luce
1329 949 1519 1004 pudoris.

269 1009 307 1051 si
337 1011 503 1051 secreta
533 1008 674 1063 magis
706 1008 825 1050 ducis
856 1009 903 1050 in
934 1010 1079 1064 antra,
1111 1007 1295 1065 sequor?

209 1067 416 1111 Oredulus
449 1069 551 1110 ante
581 1070 631 1110 ut
660 1067 733 1123 iit,
763 1067 942 1110 frutices
972 1067 1080 1110 haec
1109 1070 1240 1110 nacta
1269 1068 1439 1111 resistit

269 1129 313 1170 et
343 1127 451 1170 latet
482 1129 526 1169 et
555 1127 677 1169 nullo
709 1129 777 1170 est
806 1126 1066 1169 invenienda
1097 1127 1237 1170 modo.

209 1185 394 1229 Viderat
424 1186 538 1228 hanc
568 1185 700 1228 Ianus
732 1186 934 1242 visaeque
966 1186 1167 1242 cupidine
1199 1188 1352 1242 captus

93 1251 178 1289 120

269 1246 322 1288 ad
355 1246 505 1288 duram
537 1245 681 1287 verbis
713 1245 916 1288 mollibus
949 1260 1052 1288 usus
1084 1248 1196 1289 erat:

208 1305 405 1361 nympha
435 1305 556 1347 iubet
586 1305 735 1359 quaeri
766 1304 818 1347 de
848 1319 968 1348 more
998 1306 1208 1348 remotius
1240 1307 1415 1347 antrum

271 1367 406 1420 utque
437 1378 582 1406 comes
614 1364 809 1419 sequitur
839 1363 1124 1420 destituitque
1157 1365 1322 1407 ducem.

211 1423 366 1466 stulta!
406 1422 525 1465 videt
553 1422 703 1478 Ianus,
735 1438 844 1479 quae
874 1426 977 1478 post
1007 1438 1085 1466 sua
1115 1425 1241 1479 terga
1271 1425 1497 1480 gerantur:

269 1483 333 1525 nil
366 1482 478 1539 agie,
512 1484 556 1525 et
586 1482 780 1525 latebras
810 1482 991 1538 respicit
1020 1483 1095 1525 ille
1126 1486 1237 1526 tuas.

96 1547 181 1585 125
213 1542 276 1584 nil
308 1542 420 1598 agis,
452 1542 523 1584 en!
562 1541 668 1596 dixi,
697 1556 800 1584 nam
830 1544 874 1584 te
906 1542 986 1584 sub
1017 1557 1123 1598 rupe
1155 1543 1367 1585 latentem

273 1603 457 1657 occupat
487 1601 687 1656 amplexu
719 1615 879 1656 speque
909 1602 1074 1656 potitus
1106 1602 1184 1644 ait:

211 1659 306 1703 ‘Ius
338 1675 417 1716 pro
450 1660 683 1703 concubitu
713 1663 866 1703 nostro
897 1660 980 1702 tibi
1010 1661 1197 1703 cardinis
1229 1663 1342 1703 esto:

269 1719 352 1762 hoc
382 1719 570 1775 pretium
599 1719 770 1775 positae
801 1719 1068 1775 virginitatis
1099 1719 1240 1762 habe?

213 1777 284 1821 Sic
314 1778 432 1820 fatus
465 1778 653 1834 spinam,
684 1793 771 1834 qua
800 1779 948 1821 tristes
979 1779 1138 1834 pellere
1169 1782 1320 1834 posset

94 1842 181 1881 130

272 1853 298 1880 a
329 1837 495 1880 foribus
526 1852 662 1880 noxas
694 1837 822 1893 (haec
853 1840 946 1880 erat
979 1836 1098 1894 alba)
1131 1838 1260 1880 dedit.
1295 1861 1347 1867 —

212 1895 322 1940 Sunt
353 1895 504 1939 avidae
535 1897 751 1951 volucres,
780 1911 868 1940 non
899 1912 1008 1952 quae
1039 1896 1222 1940 Phineia
1252 1895 1415 1939 mensis

93 2013 154 2050 die
180 2013 382 2059 Tyrannen
411 2015 594 2059 gestfirzt,
626 2013 840 2060 gegrt'indet

95 2061 258 2098 worden.

142 2112 222 2144 103.
247 2109 359 2144 vires:
383 2109 443 2144 ius
461 2108 628 2145 cardinis
645 2112 776 2144 v.127.
794 2129 837 2135 -—

91 2156 280 2193 obscwrior
309 2166 396 2192 aevo
425 2157 474 2200 f..-
504 2155 580 2201 vgl.
607 2156 718 2201 Verg.
744 2155 838 2193 Aen.

91 2202 163 2238 VII
187 2206 276 2238 205:
303 2204 408 2247 fama
432 2207 482 2239 est
506 2203 692 2239 obscurior
716 2204 838 2240 annis.

93 2269 139 2277 —
161 2253 240 2285 105.
260 2262 292 2286 z.
310 2249 346 2284 11
365 2254 421 2287 67.
443 2270 486 2276 -
509 2254 588 2286 109.
611 2251 723 2295 sequi,
744 2250 838 2286 ‘auf-

94 2297 261 2333 suchen'.
287 2317 333 2323 —
361 2300 439 2332 110.
465 2299 635 2341 nodosus,
662 2297 839 2343 ‘gefioch-

94 2346 176 2388 ten,
197 2344 411 2391 gekm'ipft’;
438 2344 576 2379 ebenso
593 2345 681 2380 met.
700 2343 753 2379 ΠΙ
771 2348 840 2381 154

93 2392 235 2428 nodosa
259 2392 357 2435 lina,
381 2391 416 2426 II
441 2395 510 2427 499
535 2392 673 2427 neoeizes
694 2392 838 2437 playae.

143 2442 222 2474 111.
253 2440 341 2474 met.
366 2437 384 2472 I
403 2442 473 2474 694
485 2438 523 2473 ff.
554 2438 669 2474 heisst
700 2449 739 2474 es
764 2450 840 2475 von

96 2486 163 2522 der
191 2485 367 2532 Nymphe
393 2486 544 2531 Syrinx:
576 2485 673 2521 Ritu
702 2497 842 2532 quoque

95 2534 216 2570 cineta
228 2534 380 2570 Dianae
397 2534 541 2577 falleret
559 2537 592 2568 et
607 2533 707 2569 credi
719 2537 842 2579 posset

93 2580 272 2626 Latonia,
296 2582 331 2617 si
352 2591 428 2617 ‘non
447 2591 597 2617 corneus
614 2581 700 2616 huic
718 2591 840 2624 arcus,

92 2629 128 2664 si
162 2639 237 2664 ‘non
278 2629 373 2672 foret
409 2638 544 2664 awreus
579 2628 648 2663 illi.
679 2648 725 2654 —
760 2631 839 2664 113.

94 2675 248 2712 dixisset
284 2697 349 2719 ——,
396 2676 585 2712 reddebat.-
634 2674 701 2710 der
744 2676 840 2710 erste

95 2721 182 2758 Satz
218 2723 367 2759 enthmt
402 2723 465 2758 die
498 2722 721 2768 Bedingung
757 2734 840 2757 zum

95 2770 262 2805 zweiten.

146 2819 223 2853 123.
248 2818 346 2854 videt
365 2818 489 2854 Ianus
513 2817 570 2853 als
595 2817 734 2863 biceps,
761 2829 788 2852 s.
809 2829 839 2852 z.

97 2863 115 2897 I
135 2867 190 2900 65.
209 2885 257 2891 —
278 2869 356 2901 130.
381 2864 456 2901 Der
474 2864 688 2900 Weirsdorn
710 2864 840 2899 warde

98 2911 195 2947 auch
219 2911 260 2947 in
285 2911 559 2949 Griechenland
583 2912 660 2947 und
686 2910 840 2948 Sicilien

210 3025 231 3039 Ι

912 2014 1155 2060 angewandt,
1180 2025 1244 2049 um
1268 2013 1387 2049 b6sen
1408 2011 1564 2048 Einfluss
1591 2013 1657 2050 ab·

911 2062 1118 2098 zuwehren.
1167 2061 1311 2097 Preller
1335 2060 1370 2095 Π
1395 2059 1430 2095 S.
1451 2064 1533 2096 240.

961 2112 1041 2144 131.
1066 2107 1143 2145 Der
1158 2108 1288 2144 blinde
1306 2107 1518 2144 thracische
1534 2107 1660 2162 Konig

910 2156 988 2191 und
1006 2156 1224 2202 Weissager
1243 2155 1407 2191 Phineus
1427 2155 1533 2191 hatte
1554 2154 1657 2192 scine

913 2203 1071 2249 eigenen
1106 2202 1247 2239 Kinder
1285 2202 1355 2238 auf
1386 2201 1516 2237 Grund
1557 2203 1659 2239 eines

911 2250 1081 2286 falschen
1106 2250 1316 2286 Verdachts
1347 2249 1551 2294 geblendet
1582 2250 1659 2286 und

912 2309 990 2334 war
1014 2309 1087 2334 von
1113 2297 1186 2333 den
1211 2296 1371 2333 thtern
1395 2296 1563 2332 dadurch
1594 2308 1658 2343 ge·

913 2345 1026 2380 straft
1049 2346 1217 2388 worden,
1251 2343 1334 2379 dass
1357 2343 1552 2390 Harpyien
1578 2344 1659 2381 ihm

914 2392 1016 2428 seine
1047 2391 1229 2427 Mahlzeit
1262 2393 1431 2436 (mensae)
1469 2392 1660 2428 entweder

912 2439 1136 2484 wegfiassen
1162 2440 1252 2475 oder
1276 2438 1395 2474 durch
1419 2438 1659 2493 Besudelung

911 2486 1179 2532 ungeniefsbar
1214 2486 1401 2522 machten.
1463 2485 1532 2522 Die
1564 2486 1660 2523 Har-

912 2534 1024 2579 pyien
1052 2544 1176 2570 waren
1202 2532 1559 2580 Zwittergeschopfe
1582 2544 1659 2570 von

912 2581 1096 2626 Jungfrau
1119 2580 1196 2616 und
1217 2580 1438 2626 Raubvogel
1462 2581 1539 2616 und
1565 2593 1655 2617 wer-

914 2628 987 2663 den
1022 2639 1097 2664 von
1128 2627 1250 2672 Virgil
1282 2627 1387 2674 (Aen.
1418 2627 1472 2663 III
1496 2630 1580 2673 216)
1618 2639 1658 2665 so

912 2675 1172 2711 beschrieben:
1195 2675 1360 2721 Viryinei
1377 2677 1566 2712 volucrum
1584 2676 1659 2712 vol-

913 2726 985 2767 tuse,
1002 2723 1214 2774 foedissinm
1230 2724 1368 2759 ventris
1382 2724 1570 2768 proluvies
1588 2734 1658 2758 un-

913 2780 1044 2815 caeque
1067 2780 1199 2806 manus
1216 2772 1251 2805 et
1270 2770 1420 2815 pallida
1436 2781 1574 2816 semper
1592 2781 1660 2807 ora

912 2818 1018 2860 fame.
1064 2817 1131 2854 Die
1152 2818 1282 2862 striyes
1299 2817 1365 2853 des
1385 2817 1427 2853 Ο.
1448 2820 1525 2863 (στρ
1528 2818 1562 2860 ίξ,
1582 2828 1657 2853 von

914 2864 1120 2911 [σ]τρι’ζειν,
1170 2864 1344 2911 stridere)
1395 2864 1478 2900 sind
1505 2831 1657 2911 ρΕιιΙθιι,

912 2913 1053 2949 welche
1090 2923 1222 2958 wegen
1258 2911 1359 2948 ihres
1397 2892 1658 2949 lichtscheuen
