<?xml version="1.0" encoding="UTF-8"?>
<!DOCTYPE html PUBLIC "-//W3C//DTD XHTML 1.0 Transitional//EN"
    "http://www.w3.org/TR/xhtml1/DTD/xhtml1-transitional.dtd">
<html xmlns="http://www.w3.org/1999/xhtml" xml:lang="en" lang="en">
 <head>
  <title>
</title>
<meta http-equiv="Content-Type" content="text/html;charset=utf-8" />
  <meta name='ocr-system' content='tesseract 3.04.00' />
  <meta name='ocr-capabilities' content='ocr_page ocr_carea ocr_par ocr_line ocrx_word'/>
</head>
<body>
  <div class='ocr_page' id='page_1' title='image "./fastorumlibrisex01oviduoft_0287.png"; bbox 0 0 1820 3126; ppageno 0'>
   <div class='ocr_carea' id='block_1_1' title="bbox 749 110 1027 146">
    <p class='ocr_par' dir='ltr' id='par_1_1' title="bbox 749 110 1027 146">
     <span class='ocr_line' id='line_1_1' title="bbox 749 110 1027 146; baseline -0.004 0"><span class='ocrx_word' id='word_1_1' title='bbox 749 110 803 146; x_wconf 88' lang='lat' dir='ltr'><strong>VI</strong></span> <span class='ocrx_word' id='word_1_2' title='bbox 827 112 1027 146; x_wconf 80' lang='lat'>418-468.</span> 
     </span>
    </p>
   </div>
   <div class='ocr_carea' id='block_1_2' title="bbox 1585 107 1670 150">
    <p class='ocr_par' dir='ltr' id='par_1_2' title="bbox 1585 107 1670 150">
     <span class='ocr_line' id='line_1_2' title="bbox 1585 107 1670 150; baseline 0.012 -1"><span class='ocrx_word' id='word_1_3' title='bbox 1585 107 1670 150; x_wconf 81' lang='lat'><strong>271</strong></span> 
     </span>
    </p>
   </div>
   <div class='ocr_carea' id='block_1_3' title="bbox 224 215 1481 397">
    <p class='ocr_par' dir='ltr' id='par_1_3' title="bbox 224 215 1481 397">
     <span class='ocr_line' id='line_1_3' title="bbox 224 215 1481 278; baseline -0.006 -13"><span class='ocrx_word' id='word_1_4' title='bbox 224 222 322 266; x_wconf 86' lang='lat' dir='ltr'><strong>Heu</strong></span> <span class='ocrx_word' id='word_1_5' title='bbox 354 223 560 278; x_wconf 89' lang='lat' dir='ltr'><strong>quantum</strong></span> <span class='ocrx_word' id='word_1_6' title='bbox 592 220 776 263; x_wconf 88' lang='lat' dir='ltr'><strong>timuere</strong></span> <span class='ocrx_word' id='word_1_7' title='bbox 807 221 972 275; x_wconf 86' lang='lat' dir='ltr'><strong>patres,</strong></span> <span class='ocrx_word' id='word_1_8' title='bbox 1004 233 1088 275; x_wconf 91' lang='lat' dir='ltr'><strong>quo</strong></span> <span class='ocrx_word' id='word_1_9' title='bbox 1119 220 1314 273; x_wconf 89' lang='lat' dir='ltr'><strong>tempore</strong></span> <span class='ocrx_word' id='word_1_10' title='bbox 1344 215 1481 259; x_wconf 88' lang='lat' dir='ltr'><strong>Vesta</strong></span> 
     </span>
     <span class='ocr_line' id='line_1_4' title="bbox 287 277 1218 334; baseline -0.004 -10"><span class='ocrx_word' id='word_1_11' title='bbox 287 282 395 324; x_wconf 92' lang='lat' dir='ltr'><strong>arsit</strong></span> <span class='ocrx_word' id='word_1_12' title='bbox 427 283 471 323; x_wconf 92' lang='lat' dir='ltr'><strong>et</strong></span> <span class='ocrx_word' id='word_1_13' title='bbox 502 282 569 323; x_wconf 90' lang='lat' dir='ltr'><strong>est</strong></span> <span class='ocrx_word' id='word_1_14' title='bbox 598 280 726 323; x_wconf 88' lang='lat' dir='ltr'><strong>tectis</strong></span> <span class='ocrx_word' id='word_1_15' title='bbox 757 279 912 322; x_wconf 87' lang='lat' dir='ltr'><strong>obruta</strong></span> <span class='ocrx_word' id='word_1_16' title='bbox 941 292 1078 334; x_wconf 87' lang='lat' dir='ltr'><strong>paene</strong></span> <span class='ocrx_word' id='word_1_17' title='bbox 1110 277 1218 321; x_wconf 83' lang='lat' dir='ltr'><strong>suis!</strong></span> 
     </span>
     <span class='ocr_line' id='line_1_5' title="bbox 227 337 1276 397; baseline -0.005 -14"><span class='ocrx_word' id='word_1_18' title='bbox 227 340 472 397; x_wconf 84' lang='lat' dir='ltr'><strong>flagrabant</strong></span> <span class='ocrx_word' id='word_1_19' title='bbox 504 339 644 382; x_wconf 87' lang='lat' dir='ltr'><strong>sancti</strong></span> <span class='ocrx_word' id='word_1_20' title='bbox 675 339 895 381; x_wconf 87' lang='lat' dir='ltr'><strong>sceleratis</strong></span> <span class='ocrx_word' id='word_1_21' title='bbox 926 337 1102 393; x_wconf 85' lang='lat' dir='ltr'>ignibus</span> <span class='ocrx_word' id='word_1_22' title='bbox 1132 337 1276 392; x_wconf 85' lang='lat' dir='ltr'><strong>ignes,</strong></span> 
     </span>
    </p>
   </div>
   <div class='ocr_carea' id='block_1_4' title="bbox 105 405 192 443">
    <p class='ocr_par' dir='ltr' id='par_1_4' title="bbox 105 405 192 443">
     <span class='ocr_line' id='line_1_6' title="bbox 105 405 192 443; baseline 0.011 -1"><span class='ocrx_word' id='word_1_23' title='bbox 105 405 192 443; x_wconf 87' lang='grc'><strong>440</strong></span> 
     </span>
    </p>
   </div>
   <div class='ocr_carea' id='block_1_5' title="bbox 286 395 1422 454">
    <p class='ocr_par' dir='ltr' id='par_1_5' title="bbox 286 395 1422 454">
     <span class='ocr_line' id='line_1_7' title="bbox 286 395 1422 454; baseline -0.004 -12"><span class='ocrx_word' id='word_1_24' title='bbox 286 400 507 454; x_wconf 86' lang='lat' dir='ltr'><strong>mixtaque</strong></span> <span class='ocrx_word' id='word_1_25' title='bbox 540 401 634 441; x_wconf 87' lang='lat' dir='ltr'><strong>erat</strong></span> <span class='ocrx_word' id='word_1_26' title='bbox 664 398 866 440; x_wconf 89' lang='lat' dir='ltr'><strong>flammae</strong></span> <span class='ocrx_word' id='word_1_27' title='bbox 896 397 1073 440; x_wconf 88' lang='lat' dir='ltr'><strong>flamma</strong></span> <span class='ocrx_word' id='word_1_28' title='bbox 1103 395 1286 452; x_wconf 85' lang='lat' dir='ltr'><strong>profana</strong></span> <span class='ocrx_word' id='word_1_29' title='bbox 1315 395 1422 451; x_wconf 86' lang='lat' dir='ltr'><strong>piae.</strong></span> 
     </span>
    </p>
   </div>
   <div class='ocr_carea' id='block_1_6' title="bbox 103 455 1460 987">
    <p class='ocr_par' dir='ltr' id='par_1_6' title="bbox 227 455 1275 571">
     <span class='ocr_line' id='line_1_8' title="bbox 227 455 1275 502; baseline -0.004 -1"><span class='ocrx_word' id='word_1_30' title='bbox 227 459 438 502; x_wconf 86' lang='lat' dir='ltr'><strong>attonitae</strong></span> <span class='ocrx_word' id='word_1_31' title='bbox 470 458 632 500; x_wconf 88' lang='lat' dir='ltr'><strong>flebant</strong></span> <span class='ocrx_word' id='word_1_32' title='bbox 663 457 851 499; x_wconf 91' lang='lat' dir='ltr'><strong>demisso</strong></span> <span class='ocrx_word' id='word_1_33' title='bbox 882 456 1000 499; x_wconf 90' lang='lat' dir='ltr'><strong>crine</strong></span> <span class='ocrx_word' id='word_1_34' title='bbox 1030 455 1275 498; x_wconf 70' lang='lat' dir='ltr'><strong>ministrae.</strong></span> 
     </span>
     <span class='ocr_line' id='line_1_9' title="bbox 285 515 1197 571; baseline -0.004 -11"><span class='ocrx_word' id='word_1_35' title='bbox 285 517 528 560; x_wconf 72' lang='lat' dir='ltr'><strong>abstulerat</strong></span> <span class='ocrx_word' id='word_1_36' title='bbox 557 517 670 559; x_wconf 87' lang='lat' dir='ltr'><strong>vires</strong></span> <span class='ocrx_word' id='word_1_37' title='bbox 702 516 896 571; x_wconf 88' lang='lat' dir='ltr'><strong>corporis</strong></span> <span class='ocrx_word' id='word_1_38' title='bbox 928 516 1021 571; x_wconf 87' lang='lat' dir='ltr'><strong>ipse</strong></span> <span class='ocrx_word' id='word_1_39' title='bbox 1053 515 1197 557; x_wconf 89' lang='lat' dir='ltr'><strong>timor.</strong></span> 
     </span>
    </p>

    <p class='ocr_par' dir='ltr' id='par_1_7' title="bbox 223 572 1458 679">
     <span class='ocr_line' id='line_1_10' title="bbox 223 572 1458 633; baseline -0.002 -14"><span class='ocrx_word' id='word_1_40' title='bbox 223 577 426 633; x_wconf 83' lang='lat' dir='ltr'><strong>provolat</strong></span> <span class='ocrx_word' id='word_1_41' title='bbox 455 577 500 618; x_wconf 93' lang='lat' dir='ltr'><strong>in</strong></span> <span class='ocrx_word' id='word_1_42' title='bbox 531 575 720 618; x_wconf 90' lang='lat' dir='ltr'><strong>medium</strong></span> <span class='ocrx_word' id='word_1_43' title='bbox 751 578 796 618; x_wconf 89' lang='lat' dir='ltr'><strong>et</strong></span> <span class='ocrx_word' id='word_1_44' title='bbox 826 588 985 631; x_wconf 85' lang='lat' dir='ltr'><strong>magna</strong></span> <span class='ocrx_word' id='word_1_45' title='bbox 1017 572 1322 617; x_wconf 74' lang='lat' dir='ltr'><strong>‘Succurritel&#39;</strong></span> <span class='ocrx_word' id='word_1_46' title='bbox 1355 587 1458 616; x_wconf 89' lang='lat' dir='ltr'><strong>voce</strong></span> 
     </span>
     <span class='ocr_line' id='line_1_11' title="bbox 285 634 1222 679; baseline -0.004 0"><span class='ocrx_word' id='word_1_47' title='bbox 285 635 394 679; x_wconf 75' lang='lat' dir='ltr'><strong>‘non</strong></span> <span class='ocrx_word' id='word_1_48' title='bbox 426 638 492 678; x_wconf 90' lang='lat' dir='ltr'><strong>est</strong></span> <span class='ocrx_word' id='word_1_49' title='bbox 522 635 730 678; x_wconf 84' lang='lat' dir='ltr'><strong>auxilium</strong></span> <span class='ocrx_word' id='word_1_50' title='bbox 761 634 886 677; x_wconf 89' lang='lat' dir='ltr'><strong>flere&#39;</strong></span> <span class='ocrx_word' id='word_1_51' title='bbox 916 634 1116 677; x_wconf 80' lang='lat' dir='ltr'><strong>Metellus</strong></span> <span class='ocrx_word' id='word_1_52' title='bbox 1149 634 1222 676; x_wconf 90' lang='lat' dir='ltr'><strong>ait.</strong></span> 
     </span>
    </p>

    <p class='ocr_par' dir='ltr' id='par_1_8' title="bbox 103 693 1231 751">
     <span class='ocr_line' id='line_1_12' title="bbox 103 693 1231 751; baseline -0.003 -13"><span class='ocrx_word' id='word_1_53' title='bbox 103 700 189 738; x_wconf 88' lang='lat'><strong>445</strong></span> <span class='ocrx_word' id='word_1_54' title='bbox 224 694 431 751; x_wconf 77' lang='lat' dir='ltr'><strong>‘pignora</strong></span> <span class='ocrx_word' id='word_1_55' title='bbox 460 694 670 751; x_wconf 85' lang='lat' dir='ltr'><strong>virgineis</strong></span> <span class='ocrx_word' id='word_1_56' title='bbox 701 694 854 736; x_wconf 85' lang='lat' dir='ltr'><strong>fatalia.</strong></span> <span class='ocrx_word' id='word_1_57' title='bbox 883 693 1026 736; x_wconf 88' lang='lat' dir='ltr'><strong>tollite</strong></span> <span class='ocrx_word' id='word_1_58' title='bbox 1057 693 1231 749; x_wconf 87' lang='lat' dir='ltr'><strong>palmis!</strong></span> 
     </span>
    </p>

    <p class='ocr_par' dir='ltr' id='par_1_9' title="bbox 282 753 1267 808">
     <span class='ocr_line' id='line_1_13' title="bbox 282 753 1267 808; baseline -0.003 -11"><span class='ocrx_word' id='word_1_59' title='bbox 282 769 369 797; x_wconf 90' lang='lat' dir='ltr'><strong>non</strong></span> <span class='ocrx_word' id='word_1_60' title='bbox 400 769 450 796; x_wconf 88' lang='lat' dir='ltr'><strong>ea</strong></span> <span class='ocrx_word' id='word_1_61' title='bbox 483 756 585 796; x_wconf 89' lang='lat' dir='ltr'><strong>sunt</strong></span> <span class='ocrx_word' id='word_1_62' title='bbox 616 755 739 808; x_wconf 85' lang='lat' dir='ltr'><strong>voto,</strong></span> <span class='ocrx_word' id='word_1_63' title='bbox 773 753 848 795; x_wconf 86' lang='lat' dir='ltr'><strong>sed</strong></span> <span class='ocrx_word' id='word_1_64' title='bbox 877 753 1085 808; x_wconf 88' lang='lat' dir='ltr'><strong>rapienda</strong></span> <span class='ocrx_word' id='word_1_65' title='bbox 1114 754 1267 794; x_wconf 87' lang='lat' dir='ltr'><strong>manu!</strong></span> 
     </span>
    </p>

    <p class='ocr_par' dir='ltr' id='par_1_10' title="bbox 223 811 1405 928">
     <span class='ocr_line' id='line_1_14' title="bbox 223 811 1405 856; baseline -0.002 -1"><span class='ocrx_word' id='word_1_66' title='bbox 223 828 292 855; x_wconf 89' lang='grc'>1110</span> <span class='ocrx_word' id='word_1_67' title='bbox 322 814 546 856; x_wconf 91' lang='lat' dir='ltr'><strong>miserum!</strong></span> <span class='ocrx_word' id='word_1_68' title='bbox 582 811 846 855; x_wconf 78' lang='lat' dir='ltr'><strong>dubitatis?&#39;</strong></span> <span class='ocrx_word' id='word_1_69' title='bbox 878 811 950 855; x_wconf 80' lang='lat' dir='ltr'><strong>ait.</strong></span> <span class='ocrx_word' id='word_1_70' title='bbox 1000 811 1199 854; x_wconf 91' lang='lat' dir='ltr'><strong>dubitare</strong></span> <span class='ocrx_word' id='word_1_71' title='bbox 1230 811 1405 854; x_wconf 84' lang='lat' dir='ltr'><strong>videbat</strong></span> 
     </span>
     <span class='ocr_line' id='line_1_15' title="bbox 284 870 1183 928; baseline -0.003 -13"><span class='ocrx_word' id='word_1_72' title='bbox 284 874 328 915; x_wconf 90' lang='lat' dir='ltr'><strong>et</strong></span> <span class='ocrx_word' id='word_1_73' title='bbox 358 872 536 928; x_wconf 86' lang='lat' dir='ltr'><strong>pavidas</strong></span> <span class='ocrx_word' id='word_1_74' title='bbox 567 872 714 928; x_wconf 93' lang='lat' dir='ltr'><strong>posito</strong></span> <span class='ocrx_word' id='word_1_75' title='bbox 746 870 1027 926; x_wconf 85' lang='lat' dir='ltr'><strong>procubuisse</strong></span> <span class='ocrx_word' id='word_1_76' title='bbox 1059 884 1183 926; x_wconf 84' lang='lat' dir='ltr'><strong>genu.</strong></span> 
     </span>
    </p>

    <p class='ocr_par' dir='ltr' id='par_1_11' title="bbox 222 929 1460 987">
     <span class='ocr_line' id='line_1_16' title="bbox 222 929 1460 987; baseline -0.002 -13"><span class='ocrx_word' id='word_1_77' title='bbox 222 931 370 974; x_wconf 91' lang='lat' dir='ltr'><strong>haurit</strong></span> <span class='ocrx_word' id='word_1_78' title='bbox 401 946 535 987; x_wconf 90' lang='lat' dir='ltr'><strong>aquas</strong></span> <span class='ocrx_word' id='word_1_79' title='bbox 566 931 811 987; x_wconf 86' lang='lat' dir='ltr'><strong>tollensque</strong></span> <span class='ocrx_word' id='word_1_80' title='bbox 842 945 1009 982; x_wconf 87' lang='lat' dir='ltr'><strong>manus,</strong></span> <span class='ocrx_word' id='word_1_81' title='bbox 1042 929 1318 986; x_wconf 72' lang='lat' dir='ltr'><strong>‘Ignoscite&#39;‚</strong></span> <span class='ocrx_word' id='word_1_82' title='bbox 1349 929 1460 972; x_wconf 86' lang='lat' dir='ltr'><strong>dixit</strong></span> 
     </span>
    </p>
   </div>
   <div class='ocr_carea' id='block_1_7' title="bbox 101 996 191 1034">
    <p class='ocr_par' dir='ltr' id='par_1_12' title="bbox 101 996 191 1034">
     <span class='ocr_line' id='line_1_17' title="bbox 101 996 191 1034; baseline 0 0"><span class='ocrx_word' id='word_1_83' title='bbox 101 996 191 1034; x_wconf 86' lang='lat'>450</span> 
     </span>
    </p>
   </div>
   <div class='ocr_carea' id='block_1_8' title="bbox 284 989 1233 1033">
    <p class='ocr_par' dir='ltr' id='par_1_13' title="bbox 284 989 1233 1033">
     <span class='ocr_line' id='line_1_18' title="bbox 284 989 1233 1033; baseline -0.002 0"><span class='ocrx_word' id='word_1_84' title='bbox 284 990 447 1033; x_wconf 72' lang='lat' dir='ltr'><strong>‘sacral</strong></span> <span class='ocrx_word' id='word_1_85' title='bbox 479 990 546 1033; x_wconf 84' lang='lat' dir='ltr'><strong>vir</strong></span> <span class='ocrx_word' id='word_1_86' title='bbox 576 990 749 1032; x_wconf 86' lang='lat' dir='ltr'><strong>intrabo</strong></span> <span class='ocrx_word' id='word_1_87' title='bbox 779 1004 867 1032; x_wconf 93' lang='lat' dir='ltr'><strong>non</strong></span> <span class='ocrx_word' id='word_1_88' title='bbox 900 989 1096 1032; x_wconf 82' lang='lat' dir='ltr'><strong>adeunda</strong></span> <span class='ocrx_word' id='word_1_89' title='bbox 1126 989 1233 1032; x_wconf 87' lang='lat' dir='ltr'><strong>viro.</strong></span> 
     </span>
    </p>
   </div>
   <div class='ocr_carea' id='block_1_9' title="bbox 104 1048 1424 1580">
    <p class='ocr_par' dir='ltr' id='par_1_14' title="bbox 225 1048 1403 1165">
     <span class='ocr_line' id='line_1_19' title="bbox 225 1048 1403 1106; baseline -0.002 -14"><span class='ocrx_word' id='word_1_90' title='bbox 225 1050 261 1093; x_wconf 90' lang='lat' dir='ltr'><strong>si</strong></span> <span class='ocrx_word' id='word_1_91' title='bbox 293 1050 432 1092; x_wconf 89' lang='lat' dir='ltr'><strong>scelus</strong></span> <span class='ocrx_word' id='word_1_92' title='bbox 463 1052 547 1106; x_wconf 87' lang='lat' dir='ltr'><strong>est,</strong></span> <span class='ocrx_word' id='word_1_93' title='bbox 577 1050 622 1092; x_wconf 91' lang='lat' dir='ltr'><strong>in</strong></span> <span class='ocrx_word' id='word_1_94' title='bbox 654 1064 722 1091; x_wconf 92' lang='lat' dir='ltr'><strong>me</strong></span> <span class='ocrx_word' id='word_1_95' title='bbox 754 1049 973 1092; x_wconf 85' lang='lat' dir='ltr'><strong>commissi</strong></span> <span class='ocrx_word' id='word_1_96' title='bbox 1004 1063 1144 1104; x_wconf 87' lang='lat' dir='ltr'><strong>poena</strong></span> <span class='ocrx_word' id='word_1_97' title='bbox 1174 1048 1403 1091; x_wconf 86' lang='lat' dir='ltr'><strong>redundet:</strong></span> 
     </span>
     <span class='ocr_line' id='line_1_20' title="bbox 284 1107 1208 1165; baseline -0.002 -13"><span class='ocrx_word' id='word_1_98' title='bbox 284 1110 342 1152; x_wconf 91' lang='lat' dir='ltr'><strong>sit</strong></span> <span class='ocrx_word' id='word_1_99' title='bbox 372 1109 528 1165; x_wconf 89' lang='lat' dir='ltr'><strong>capitis</strong></span> <span class='ocrx_word' id='word_1_100' title='bbox 559 1109 716 1151; x_wconf 87' lang='lat' dir='ltr'><strong>damno</strong></span> <span class='ocrx_word' id='word_1_101' title='bbox 749 1108 888 1151; x_wconf 87' lang='lat' dir='ltr'><strong>Roma.</strong></span> <span class='ocrx_word' id='word_1_102' title='bbox 920 1108 1064 1151; x_wconf 88' lang='lat' dir='ltr'><strong>soluta</strong></span> <span class='ocrx_word' id='word_1_103' title='bbox 1094 1107 1208 1150; x_wconf 86' lang='lat' dir='ltr'><strong>mei.&#39;</strong></span> 
     </span>
    </p>

    <p class='ocr_par' dir='ltr' id='par_1_15' title="bbox 223 1167 1330 1284">
     <span class='ocr_line' id='line_1_21' title="bbox 223 1167 1330 1224; baseline -0.002 -13"><span class='ocrx_word' id='word_1_104' title='bbox 223 1168 347 1211; x_wconf 86' lang='lat' dir='ltr'><strong>Dixit</strong></span> <span class='ocrx_word' id='word_1_105' title='bbox 378 1171 422 1211; x_wconf 89' lang='lat' dir='ltr'><strong>et</strong></span> <span class='ocrx_word' id='word_1_106' title='bbox 452 1168 620 1224; x_wconf 85' lang='lat' dir='ltr'><strong>irrupit.</strong></span> <span class='ocrx_word' id='word_1_107' title='bbox 669 1168 830 1210; x_wconf 87' lang='lat' dir='ltr'><strong>factum</strong></span> <span class='ocrx_word' id='word_1_108' title='bbox 861 1168 942 1210; x_wconf 89' lang='lat' dir='ltr'><strong>dea</strong></span> <span class='ocrx_word' id='word_1_109' title='bbox 971 1170 1098 1224; x_wconf 86' lang='lat' dir='ltr'><strong>rapta</strong></span> <span class='ocrx_word' id='word_1_110' title='bbox 1128 1167 1330 1223; x_wconf 84' lang='lat' dir='ltr'><strong>probavit</strong></span> 
     </span>
     <span class='ocr_line' id='line_1_22' title="bbox 282 1227 1230 1284; baseline -0.003 -13"><span class='ocrx_word' id='word_1_111' title='bbox 282 1227 584 1284; x_wconf 89' lang='lat' dir='ltr'><strong>pontificisque</strong></span> <span class='ocrx_word' id='word_1_112' title='bbox 616 1228 683 1270; x_wconf 92' lang='lat' dir='ltr'><strong>sui</strong></span> <span class='ocrx_word' id='word_1_113' title='bbox 714 1241 890 1270; x_wconf 89' lang='lat' dir='ltr'><strong>munere</strong></span> <span class='ocrx_word' id='word_1_114' title='bbox 921 1229 1018 1269; x_wconf 88' lang='lat' dir='ltr'><strong>tuta</strong></span> <span class='ocrx_word' id='word_1_115' title='bbox 1049 1227 1144 1269; x_wconf 87' lang='lat' dir='ltr'><strong>fuit.</strong></span> <span class='ocrx_word' id='word_1_116' title='bbox 1179 1251 1230 1256; x_wconf 97' lang='lat'><strong>—</strong></span> 
     </span>
    </p>

    <p class='ocr_par' dir='ltr' id='par_1_16' title="bbox 104 1285 1424 1462">
     <span class='ocr_line' id='line_1_23' title="bbox 104 1285 1424 1331; baseline -0.003 0"><span class='ocrx_word' id='word_1_117' title='bbox 104 1292 191 1331; x_wconf 90' lang='lat'><strong>455</strong></span> <span class='ocrx_word' id='word_1_118' title='bbox 223 1286 351 1331; x_wconf 88' lang='lat' dir='ltr'><strong>Nunc</strong></span> <span class='ocrx_word' id='word_1_119' title='bbox 382 1288 489 1330; x_wconf 89' lang='lat' dir='ltr'><strong>bene</strong></span> <span class='ocrx_word' id='word_1_120' title='bbox 520 1286 672 1330; x_wconf 88' lang='lat' dir='ltr'><strong>lucetis</strong></span> <span class='ocrx_word' id='word_1_121' title='bbox 705 1300 851 1328; x_wconf 87' lang='lat' dir='ltr'><strong>sacrae</strong></span> <span class='ocrx_word' id='word_1_122' title='bbox 883 1286 962 1329; x_wconf 93' lang='lat' dir='ltr'><strong>sub</strong></span> <span class='ocrx_word' id='word_1_123' title='bbox 995 1285 1177 1329; x_wconf 87' lang='lat' dir='ltr'><strong>Caesare</strong></span> <span class='ocrx_word' id='word_1_124' title='bbox 1208 1286 1424 1328; x_wconf 82' lang='lat' dir='ltr'><strong>fiammae:</strong></span> 
     </span>
     <span class='ocr_line' id='line_1_24' title="bbox 282 1345 1249 1403; baseline -0.002 -14"><span class='ocrx_word' id='word_1_125' title='bbox 282 1347 397 1403; x_wconf 88' lang='lat' dir='ltr'><strong>ignis</strong></span> <span class='ocrx_word' id='word_1_126' title='bbox 428 1347 474 1388; x_wconf 91' lang='lat' dir='ltr'><strong>in</strong></span> <span class='ocrx_word' id='word_1_127' title='bbox 503 1346 648 1388; x_wconf 86' lang='lat' dir='ltr'><strong>Iliacis</strong></span> <span class='ocrx_word' id='word_1_128' title='bbox 679 1360 793 1388; x_wconf 88' lang='lat' dir='ltr'><strong>nunc</strong></span> <span class='ocrx_word' id='word_1_129' title='bbox 825 1346 908 1388; x_wconf 91' lang='lat' dir='ltr'><strong>erit</strong></span> <span class='ocrx_word' id='word_1_130' title='bbox 938 1347 1089 1400; x_wconf 85' lang='lat' dir='ltr'><strong>estque</strong></span> <span class='ocrx_word' id='word_1_131' title='bbox 1120 1345 1249 1399; x_wconf 89' lang='lat' dir='ltr'><strong>focis,</strong></span> 
     </span>
     <span class='ocr_line' id='line_1_25' title="bbox 224 1404 1286 1462; baseline -0.002 -14"><span class='ocrx_word' id='word_1_132' title='bbox 224 1406 428 1462; x_wconf 88' lang='lat' dir='ltr'><strong>nullaque</strong></span> <span class='ocrx_word' id='word_1_133' title='bbox 460 1405 624 1448; x_wconf 87' lang='lat' dir='ltr'><strong>dicetur</strong></span> <span class='ocrx_word' id='word_1_134' title='bbox 654 1405 786 1448; x_wconf 84' lang='lat' dir='ltr'><strong>vittas</strong></span> <span class='ocrx_word' id='word_1_135' title='bbox 817 1407 1053 1447; x_wconf 87' lang='lat' dir='ltr'><strong>temerasse</strong></span> <span class='ocrx_word' id='word_1_136' title='bbox 1086 1404 1286 1447; x_wconf 90' lang='lat' dir='ltr'><strong>sacerdos</strong></span> 
     </span>
    </p>

    <p class='ocr_par' dir='ltr' id='par_1_17' title="bbox 200 1463 1399 1580">
     <span class='ocr_line' id='line_1_26' title="bbox 200 1463 1191 1508; baseline -0.003 0"><span class='ocrx_word' id='word_1_137' title='bbox 200 1468 206 1469; x_wconf 49' lang='lat'><em>⁷</em></span> <span class='ocrx_word' id='word_1_138' title='bbox 283 1465 366 1508; x_wconf 94' lang='grc'>1100</span> <span class='ocrx_word' id='word_1_139' title='bbox 397 1464 503 1508; x_wconf 88' lang='lat' dir='ltr'><strong>duce</strong></span> <span class='ocrx_word' id='word_1_140' title='bbox 533 1478 612 1507; x_wconf 90' lang='lat' dir='ltr'><strong>nec</strong></span> <span class='ocrx_word' id='word_1_141' title='bbox 642 1464 741 1507; x_wconf 87' lang='lat' dir='ltr'><strong>viva</strong></span> <span class='ocrx_word' id='word_1_142' title='bbox 772 1463 1015 1507; x_wconf 86' lang='lat' dir='ltr'><strong>defodietur</strong></span> <span class='ocrx_word' id='word_1_143' title='bbox 1045 1464 1191 1506; x_wconf 92' lang='lat' dir='ltr'><strong>humo.</strong></span> 
     </span>
     <span class='ocr_line' id='line_1_27' title="bbox 227 1522 1399 1580; baseline -0.003 -13"><span class='ocrx_word' id='word_1_144' title='bbox 227 1524 289 1567; x_wconf 88' lang='lat' dir='ltr'><strong>sic</strong></span> <span class='ocrx_word' id='word_1_145' title='bbox 319 1525 485 1567; x_wconf 87' lang='lat' dir='ltr'><strong>incesta</strong></span> <span class='ocrx_word' id='word_1_146' title='bbox 514 1524 644 1580; x_wconf 89' lang='lat' dir='ltr'><strong>perit,</strong></span> <span class='ocrx_word' id='word_1_147' title='bbox 677 1524 780 1579; x_wconf 87' lang='lat' dir='ltr'><strong>quia</strong></span> <span class='ocrx_word' id='word_1_148' title='bbox 811 1538 941 1578; x_wconf 90' lang='lat' dir='ltr'><strong>quam</strong></span> <span class='ocrx_word' id='word_1_149' title='bbox 973 1523 1171 1579; x_wconf 85' lang='lat' dir='ltr'><strong>violavit,</strong></span> <span class='ocrx_word' id='word_1_150' title='bbox 1202 1523 1247 1564; x_wconf 94' lang='lat' dir='ltr'><strong>in</strong></span> <span class='ocrx_word' id='word_1_151' title='bbox 1279 1522 1399 1565; x_wconf 90' lang='lat' dir='ltr'><strong>illam</strong></span> 
     </span>
    </p>
   </div>
   <div class='ocr_carea' id='block_1_10' title="bbox 104 1588 193 1627">
    <p class='ocr_par' dir='ltr' id='par_1_18' title="bbox 104 1588 193 1627">
     <span class='ocr_line' id='line_1_28' title="bbox 104 1588 193 1627; baseline -0.011 0"><span class='ocrx_word' id='word_1_152' title='bbox 104 1588 193 1627; x_wconf 81' lang='lat'><strong>460</strong></span> 
     </span>
    </p>
   </div>
   <div class='ocr_carea' id='block_1_11' title="bbox 285 1581 1542 1644">
    <p class='ocr_par' dir='ltr' id='par_1_19' title="bbox 285 1581 1542 1644">
     <span class='ocr_line' id='line_1_29' title="bbox 285 1581 1542 1644; baseline -0.002 -18"><span class='ocrx_word' id='word_1_153' title='bbox 285 1583 504 1644; x_wconf 90' lang='lat' dir='ltr'><strong>conditur,</strong></span> <span class='ocrx_word' id='word_1_154' title='bbox 535 1585 579 1625; x_wconf 88' lang='lat' dir='ltr'><strong>et</strong></span> <span class='ocrx_word' id='word_1_155' title='bbox 609 1582 755 1625; x_wconf 86' lang='lat' dir='ltr'><strong>Tellus</strong></span> <span class='ocrx_word' id='word_1_156' title='bbox 786 1581 1007 1638; x_wconf 85' lang='lat' dir='ltr'><strong>Vestaque</strong></span> <span class='ocrx_word' id='word_1_157' title='bbox 1037 1597 1199 1625; x_wconf 88' lang='lat' dir='ltr'><strong>numen</strong></span> <span class='ocrx_word' id='word_1_158' title='bbox 1229 1581 1344 1624; x_wconf 90' lang='lat' dir='ltr'><strong>idem</strong></span> <span class='ocrx_word' id='word_1_159' title='bbox 1376 1583 1453 1624; x_wconf 91' lang='lat' dir='ltr'><strong>est.</strong></span> <span class='ocrx_word' id='word_1_160' title='bbox 1486 1606 1542 1612; x_wconf 98' lang='lat'><strong>—</strong></span> 
     </span>
    </p>
   </div>
   <div class='ocr_carea' id='block_1_12' title="bbox 106 1630 1491 2112">
    <p class='ocr_par' dir='ltr' id='par_1_20' title="bbox 106 1630 1491 2112">
     <span class='ocr_line' id='line_1_30' title="bbox 226 1630 1389 1708; baseline -0.002 -23"><span class='ocrx_word' id='word_1_161' title='bbox 226 1642 336 1686; x_wconf 90' lang='lat' dir='ltr'><strong>Tum</strong></span> <span class='ocrx_word' id='word_1_162' title='bbox 364 1630 454 1685; x_wconf 90' lang='lat' dir='ltr'><strong>sibi</strong></span> <span class='ocrx_word' id='word_1_163' title='bbox 485 1641 675 1685; x_wconf 86' lang='lat' dir='ltr'><strong>Callaico</strong></span> <span class='ocrx_word' id='word_1_164' title='bbox 707 1641 868 1684; x_wconf 89' lang='lat' dir='ltr'><strong>Brutus</strong></span> <span class='ocrx_word' id='word_1_165' title='bbox 900 1655 1142 1708; x_wconf 83' lang='lat' dir='ltr'><strong>cognomen</strong></span> <span class='ocrx_word' id='word_1_166' title='bbox 1173 1641 1228 1683; x_wconf 94' lang='lat' dir='ltr'><strong>ab</strong></span> <span class='ocrx_word' id='word_1_167' title='bbox 1264 1641 1389 1683; x_wconf 86' lang='lat' dir='ltr'><strong>hoste</strong></span> 
     </span>
     <span class='ocr_line' id='line_1_31' title="bbox 284 1700 1361 1757; baseline -0.003 -13"><span class='ocrx_word' id='word_1_168' title='bbox 284 1701 388 1744; x_wconf 89' lang='lat' dir='ltr'><strong>fecit</strong></span> <span class='ocrx_word' id='word_1_169' title='bbox 419 1704 464 1744; x_wconf 89' lang='lat' dir='ltr'><strong>et</strong></span> <span class='ocrx_word' id='word_1_170' title='bbox 493 1700 736 1757; x_wconf 87' lang='lat' dir='ltr'><strong>Hispanam</strong></span> <span class='ocrx_word' id='word_1_171' title='bbox 769 1701 977 1757; x_wconf 86' lang='lat' dir='ltr'><strong>sanguine</strong></span> <span class='ocrx_word' id='word_1_172' title='bbox 1008 1701 1140 1743; x_wconf 85' lang='lat' dir='ltr'><strong>tinxit</strong></span> <span class='ocrx_word' id='word_1_173' title='bbox 1169 1700 1361 1742; x_wconf 90' lang='lat' dir='ltr'><strong>humum.</strong></span> 
     </span>
     <span class='ocr_line' id='line_1_32' title="bbox 226 1759 1265 1815; baseline -0.002 -12"><span class='ocrx_word' id='word_1_174' title='bbox 226 1759 401 1803; x_wconf 82' lang='lat' dir='ltr'><strong>Scilicet</strong></span> <span class='ocrx_word' id='word_1_175' title='bbox 430 1760 647 1803; x_wconf 87' lang='lat' dir='ltr'><strong>interdum</strong></span> <span class='ocrx_word' id='word_1_176' title='bbox 679 1761 916 1803; x_wconf 77' lang='lat' dir='ltr'><strong>miscentur</strong></span> <span class='ocrx_word' id='word_1_177' title='bbox 947 1760 1090 1802; x_wconf 87' lang='lat' dir='ltr'><strong>tristia</strong></span> <span class='ocrx_word' id='word_1_178' title='bbox 1121 1760 1265 1815; x_wconf 82' lang='lat' dir='ltr'><strong>laetis,</strong></span> 
     </span>
     <span class='ocr_line' id='line_1_33' title="bbox 285 1819 1270 1876; baseline -0.002 -14"><span class='ocrx_word' id='word_1_179' title='bbox 285 1834 364 1862; x_wconf 89' lang='lat' dir='ltr'><strong>nec</strong></span> <span class='ocrx_word' id='word_1_180' title='bbox 395 1820 602 1876; x_wconf 92' lang='lat' dir='ltr'><strong>populum</strong></span> <span class='ocrx_word' id='word_1_181' title='bbox 633 1821 728 1862; x_wconf 89' lang='lat' dir='ltr'><strong>toto</strong></span> <span class='ocrx_word' id='word_1_182' title='bbox 760 1822 935 1874; x_wconf 88' lang='lat' dir='ltr'><strong>pectore</strong></span> <span class='ocrx_word' id='word_1_183' title='bbox 966 1819 1078 1861; x_wconf 87' lang='lat' dir='ltr'><strong>festa</strong></span> <span class='ocrx_word' id='word_1_184' title='bbox 1107 1819 1270 1861; x_wconf 89' lang='lat' dir='ltr'><strong>iuvant.</strong></span> 
     </span>
     <span class='ocr_line' id='line_1_34' title="bbox 106 1877 1468 1934; baseline -0.001 -12"><span class='ocrx_word' id='word_1_185' title='bbox 106 1883 192 1922; x_wconf 88' lang='lat'><strong>465</strong></span> <span class='ocrx_word' id='word_1_186' title='bbox 227 1877 409 1921; x_wconf 83' lang='lat' dir='ltr'><strong>Crassus</strong></span> <span class='ocrx_word' id='word_1_187' title='bbox 441 1878 496 1921; x_wconf 86' lang='lat' dir='ltr'><strong>ad</strong></span> <span class='ocrx_word' id='word_1_188' title='bbox 524 1878 780 1933; x_wconf 78' lang='lat' dir='ltr'><strong>Euphraten</strong></span> <span class='ocrx_word' id='word_1_189' title='bbox 812 1878 982 1934; x_wconf 85' lang='lat' dir='ltr'><strong>aquilas</strong></span> <span class='ocrx_word' id='word_1_190' title='bbox 1013 1881 1251 1933; x_wconf 87' lang='lat' dir='ltr'><strong>natumque</strong></span> <span class='ocrx_word' id='word_1_191' title='bbox 1283 1891 1468 1933; x_wconf 86' lang='lat' dir='ltr'><strong>suosque</strong></span> 
     </span>
     <span class='ocr_line' id='line_1_35' title="bbox 283 1937 1268 1993; baseline -0.001 -13"><span class='ocrx_word' id='word_1_192' title='bbox 283 1938 471 1993; x_wconf 88' lang='lat' dir='ltr'><strong>perdidit</strong></span> <span class='ocrx_word' id='word_1_193' title='bbox 501 1941 545 1980; x_wconf 90' lang='lat' dir='ltr'><strong>et</strong></span> <span class='ocrx_word' id='word_1_194' title='bbox 575 1938 663 1980; x_wconf 91' lang='lat' dir='ltr'><strong>leto</strong></span> <span class='ocrx_word' id='word_1_195' title='bbox 696 1940 763 1980; x_wconf 90' lang='lat' dir='ltr'><strong>est</strong></span> <span class='ocrx_word' id='word_1_196' title='bbox 793 1938 972 1980; x_wconf 88' lang='lat' dir='ltr'><strong>ultimus</strong></span> <span class='ocrx_word' id='word_1_197' title='bbox 1004 1937 1098 1993; x_wconf 89' lang='lat' dir='ltr'><strong>ipse</strong></span> <span class='ocrx_word' id='word_1_198' title='bbox 1129 1937 1268 1980; x_wconf 89' lang='lat' dir='ltr'><strong>datus.</strong></span> 
     </span>
     <span class='ocr_line' id='line_1_36' title="bbox 228 1995 1491 2052; baseline -0.002 -12"><span class='ocrx_word' id='word_1_199' title='bbox 228 1996 428 2052; x_wconf 55' lang='lat' dir='ltr'><strong>‘Pau-the,</strong></span> <span class='ocrx_word' id='word_1_200' title='bbox 460 1996 562 2052; x_wconf 89' lang='lat' dir='ltr'><strong>quid</strong></span> <span class='ocrx_word' id='word_1_201' title='bbox 594 1995 814 2039; x_wconf 79' lang='lat' dir='ltr'><strong>exultas?&#39;</strong></span> <span class='ocrx_word' id='word_1_202' title='bbox 846 1997 956 2039; x_wconf 84' lang='lat' dir='ltr'><strong>dixit</strong></span> <span class='ocrx_word' id='word_1_203' title='bbox 987 1996 1067 2038; x_wconf 88' lang='lat' dir='ltr'><strong>dea</strong></span> <span class='ocrx_word' id='word_1_204' title='bbox 1098 1995 1246 2052; x_wconf 69' lang='lat' dir='ltr'><strong>‘signa</strong></span> <span class='ocrx_word' id='word_1_205' title='bbox 1276 1997 1491 2052; x_wconf 80' lang='lat' dir='ltr'><strong>remittes,</strong></span> 
     </span>
     <span class='ocr_line' id='line_1_37' title="bbox 240 2055 1330 2112; baseline -0.001 -14"><span class='ocrx_word' id='word_1_206' title='bbox 240 2077 243 2079; x_wconf 93' lang='lat'>·</span> <span class='ocrx_word' id='word_1_207' title='bbox 287 2057 445 2112; x_wconf 91' lang='lat' dir='ltr'><strong>quique</strong></span> <span class='ocrx_word' id='word_1_208' title='bbox 475 2070 623 2099; x_wconf 88' lang='lat' dir='ltr'><strong>necem</strong></span> <span class='ocrx_word' id='word_1_209' title='bbox 657 2055 804 2099; x_wconf 89' lang='lat' dir='ltr'><strong>Crassi</strong></span> <span class='ocrx_word' id='word_1_210' title='bbox 834 2056 1043 2112; x_wconf 85' lang='lat' dir='ltr'><strong>vindicet,</strong></span> <span class='ocrx_word' id='word_1_211' title='bbox 1076 2056 1190 2098; x_wconf 89' lang='lat' dir='ltr'><strong>ultor</strong></span> <span class='ocrx_word' id='word_1_212' title='bbox 1221 2055 1330 2098; x_wconf 71' lang='lat' dir='ltr'><strong>erit?</strong></span> 
     </span>
    </p>
   </div>
   <div class='ocr_carea' id='block_1_13' title="bbox 109 2183 859 2939">
    <p class='ocr_par' dir='ltr' id='par_1_21' title="bbox 110 2183 858 2456">
     <span class='ocr_line' id='line_1_38' title="bbox 111 2183 855 2230; baseline -0.003 -10"><span class='ocrx_word' id='word_1_213' title='bbox 111 2205 157 2211; x_wconf 95' lang='lat'><strong>—</strong></span> <span class='ocrx_word' id='word_1_214' title='bbox 177 2187 259 2221; x_wconf 74' lang='lat'>437.</span> <span class='ocrx_word' id='word_1_215' title='bbox 276 2183 352 2219; x_wconf 85' lang='lat' dir='ltr'><strong>Der</strong></span> <span class='ocrx_word' id='word_1_216' title='bbox 364 2183 490 2219; x_wconf 84' lang='lat' dir='ltr'><strong>Brand</strong></span> <span class='ocrx_word' id='word_1_217' title='bbox 504 2183 855 2230; x_wconf 78' lang='lat' dir='ltr'><strong>desVestatempels</strong></span> 
     </span>
     <span class='ocr_line' id='line_1_39' title="bbox 110 2230 855 2267; baseline 0.001 -1"><span class='ocrx_word' id='word_1_218' title='bbox 110 2231 163 2267; x_wconf 91' lang='lat' dir='ltr'><strong>im</strong></span> <span class='ocrx_word' id='word_1_219' title='bbox 188 2231 222 2267; x_wconf 82' lang='lat' dir='ltr'><strong>J.</strong></span> <span class='ocrx_word' id='word_1_220' title='bbox 242 2234 312 2266; x_wconf 84' lang='lat'>241</span> <span class='ocrx_word' id='word_1_221' title='bbox 331 2243 365 2267; x_wconf 88' lang='lat' dir='ltr'><strong>v.</strong></span> <span class='ocrx_word' id='word_1_222' title='bbox 386 2231 469 2267; x_wconf 87' lang='lat' dir='ltr'><strong>Chr.</strong></span> <span class='ocrx_word' id='word_1_223' title='bbox 489 2230 567 2266; x_wconf 85' lang='lat' dir='ltr'><strong>und</strong></span> <span class='ocrx_word' id='word_1_224' title='bbox 591 2231 651 2267; x_wconf 89' lang='lat' dir='ltr'><strong>die</strong></span> <span class='ocrx_word' id='word_1_225' title='bbox 670 2231 771 2267; x_wconf 83' lang='lat' dir='ltr'><strong>That</strong></span> <span class='ocrx_word' id='word_1_226' title='bbox 790 2231 855 2267; x_wconf 85' lang='lat' dir='ltr'><strong>des</strong></span> 
     </span>
     <span class='ocr_line' id='line_1_40' title="bbox 110 2277 856 2314; baseline 0 0"><span class='ocrx_word' id='word_1_227' title='bbox 110 2278 287 2314; x_wconf 86' lang='lat' dir='ltr'><strong>Pontifex</strong></span> <span class='ocrx_word' id='word_1_228' title='bbox 303 2279 486 2313; x_wconf 76' lang='lat' dir='ltr'><strong>maximus</strong></span> <span class='ocrx_word' id='word_1_229' title='bbox 513 2278 555 2313; x_wconf 87' lang='lat' dir='ltr'><strong>L.</strong></span> <span class='ocrx_word' id='word_1_230' title='bbox 575 2277 758 2314; x_wconf 88' lang='lat' dir='ltr'><strong>Caecilius</strong></span> <span class='ocrx_word' id='word_1_231' title='bbox 776 2278 856 2314; x_wconf 83' lang='lat' dir='ltr'><strong>Me-</strong></span> 
     </span>
     <span class='ocr_line' id='line_1_41' title="bbox 110 2324 858 2361; baseline -0.001 -1"><span class='ocrx_word' id='word_1_232' title='bbox 110 2325 226 2361; x_wconf 85' lang='lat' dir='ltr'><strong>tellus</strong></span> <span class='ocrx_word' id='word_1_233' title='bbox 258 2324 352 2361; x_wconf 83' lang='lat' dir='ltr'><strong>wird</strong></span> <span class='ocrx_word' id='word_1_234' title='bbox 386 2325 441 2360; x_wconf 87' lang='lat' dir='ltr'><strong>oft</strong></span> <span class='ocrx_word' id='word_1_235' title='bbox 472 2325 627 2361; x_wconf 65' lang='lat' dir='ltr'><strong>erzahlt.</strong></span> <span class='ocrx_word' id='word_1_236' title='bbox 675 2324 818 2361; x_wconf 81' lang='lat' dir='ltr'><strong>Preller</strong></span> <span class='ocrx_word' id='word_1_237' title='bbox 841 2325 858 2359; x_wconf 95' lang='lat' dir='ltr'><strong>l</strong></span> 
     </span>
     <span class='ocr_line' id='line_1_42' title="bbox 110 2371 858 2409; baseline -0.001 -1"><span class='ocrx_word' id='word_1_238' title='bbox 110 2372 146 2409; x_wconf 90' lang='lat' dir='ltr'><strong>S.</strong></span> <span class='ocrx_word' id='word_1_239' title='bbox 162 2376 244 2408; x_wconf 82' lang='lat'>299.</span> <span class='ocrx_word' id='word_1_240' title='bbox 258 2392 303 2398; x_wconf 94' lang='lat'><em>-</em></span> <span class='ocrx_word' id='word_1_241' title='bbox 318 2372 426 2408; x_wconf 84' lang='lat' dir='ltr'><strong>Vesta</strong></span> <span class='ocrx_word' id='word_1_242' title='bbox 439 2371 491 2408; x_wconf 88' lang='lat' dir='ltr'><strong>ist</strong></span> <span class='ocrx_word' id='word_1_243' title='bbox 502 2372 542 2407; x_wconf 88' lang='lat' dir='ltr'><strong>in</strong></span> <span class='ocrx_word' id='word_1_244' title='bbox 555 2372 731 2408; x_wconf 82' lang='lat' dir='ltr'><strong>auderem</strong></span> <span class='ocrx_word' id='word_1_245' title='bbox 745 2372 858 2408; x_wconf 87' lang='lat' dir='ltr'><strong>Sinne</strong></span> 
     </span>
     <span class='ocr_line' id='line_1_43' title="bbox 110 2419 858 2456; baseline -0.001 -1"><span class='ocrx_word' id='word_1_246' title='bbox 110 2432 157 2455; x_wconf 89' lang='lat' dir='ltr'><strong>zu</strong></span> <span class='ocrx_word' id='word_1_247' title='bbox 184 2421 280 2456; x_wconf 80' lang='lat' dir='ltr'><strong>arsit</strong></span> <span class='ocrx_word' id='word_1_248' title='bbox 304 2419 359 2454; x_wconf 85' lang='lat' dir='ltr'><strong>als</strong></span> <span class='ocrx_word' id='word_1_249' title='bbox 384 2431 430 2454; x_wconf 85' lang='lat' dir='ltr'><strong>zu</strong></span> <span class='ocrx_word' id='word_1_250' title='bbox 460 2420 593 2455; x_wconf 79' lang='lat' dir='ltr'><strong>obruta</strong></span> <span class='ocrx_word' id='word_1_251' title='bbox 617 2432 662 2455; x_wconf 87' lang='lat' dir='ltr'><strong>zu</strong></span> <span class='ocrx_word' id='word_1_252' title='bbox 686 2420 858 2455; x_wconf 88' lang='lat' dir='ltr'><strong>nehmen.</strong></span> 
     </span>
    </p>

    <p class='ocr_par' dir='ltr' id='par_1_22' title="bbox 109 2466 858 2700">
     <span class='ocr_line' id='line_1_44' title="bbox 161 2466 858 2512; baseline 0.001 -10"><span class='ocrx_word' id='word_1_253' title='bbox 161 2470 244 2503; x_wconf 86' lang='lat'>445.</span> <span class='ocrx_word' id='word_1_254' title='bbox 264 2467 428 2512; x_wconf 76' lang='lat' dir='ltr'><strong>piynora</strong></span> <span class='ocrx_word' id='word_1_255' title='bbox 444 2467 602 2511; x_wconf 78' lang='lat' dir='ltr'><strong>fatalia:</strong></span> <span class='ocrx_word' id='word_1_256' title='bbox 620 2478 648 2502; x_wconf 88' lang='lat' dir='ltr'>s.</span> <span class='ocrx_word' id='word_1_257' title='bbox 668 2479 698 2501; x_wconf 87' lang='lat' dir='ltr'><strong>z.</strong></span> <span class='ocrx_word' id='word_1_258' title='bbox 718 2466 769 2502; x_wconf 94' lang='lat' dir='ltr'><strong>III</strong></span> <span class='ocrx_word' id='word_1_259' title='bbox 789 2470 858 2503; x_wconf 80' lang='lat'><strong>346</strong></span> 
     </span>
     <span class='ocr_line' id='line_1_45' title="bbox 109 2513 859 2560; baseline 0.001 -11"><span class='ocrx_word' id='word_1_260' title='bbox 109 2526 146 2550; x_wconf 90' lang='lat' dir='ltr'>u.</span> <span class='ocrx_word' id='word_1_261' title='bbox 175 2513 230 2549; x_wconf 85' lang='lat' dir='ltr'><strong>VI</strong></span> <span class='ocrx_word' id='word_1_262' title='bbox 261 2517 342 2550; x_wconf 85' lang='grc'><strong>365.</strong></span> <span class='ocrx_word' id='word_1_263' title='bbox 374 2534 420 2540; x_wconf 88' lang='grc'><strong>-</strong></span> <span class='ocrx_word' id='word_1_264' title='bbox 450 2517 533 2549; x_wconf 83' lang='grc'><strong>449.</strong></span> <span class='ocrx_word' id='word_1_265' title='bbox 566 2514 695 2550; x_wconf 79' lang='lat' dir='ltr'><strong>haurit</strong></span> <span class='ocrx_word' id='word_1_266' title='bbox 725 2525 859 2560; x_wconf 78' lang='lat' dir='ltr'><strong>aquas:</strong></span> 
     </span>
     <span class='ocr_line' id='line_1_46' title="bbox 110 2560 857 2607; baseline -0.003 -10"><span class='ocrx_word' id='word_1_267' title='bbox 110 2573 175 2597; x_wconf 87' lang='lat' dir='ltr'><strong>zur</strong></span> <span class='ocrx_word' id='word_1_268' title='bbox 209 2561 408 2607; x_wconf 73' lang='lat' dir='ltr'><strong>Si’ihnung3</strong></span> <span class='ocrx_word' id='word_1_269' title='bbox 441 2573 468 2596; x_wconf 88' lang='lat' dir='ltr'>s.</span> <span class='ocrx_word' id='word_1_270' title='bbox 495 2560 530 2595; x_wconf 91' lang='grc' dir='ltr'><strong>ΙΙ</strong></span> <span class='ocrx_word' id='word_1_271' title='bbox 554 2564 612 2596; x_wconf 87' lang='lat'><strong>40.</strong></span> <span class='ocrx_word' id='word_1_272' title='bbox 645 2564 691 2596; x_wconf 86' lang='grc'><strong>45</strong></span> <span class='ocrx_word' id='word_1_273' title='bbox 711 2561 735 2596; x_wconf 84' lang='lat' dir='ltr'><strong>f.</strong></span> <span class='ocrx_word' id='word_1_274' title='bbox 767 2573 803 2597; x_wconf 88' lang='lat' dir='ltr'>u.</span> <span class='ocrx_word' id='word_1_275' title='bbox 829 2573 857 2596; x_wconf 92' lang='grc' dir='ltr'><strong>Ζ.</strong></span> 
     </span>
     <span class='ocr_line' id='line_1_47' title="bbox 111 2607 858 2653; baseline -0.001 -10"><span class='ocrx_word' id='word_1_276' title='bbox 111 2620 146 2644; x_wconf 84' lang='lat' dir='ltr'><strong>v.</strong></span> <span class='ocrx_word' id='word_1_277' title='bbox 173 2612 232 2644; x_wconf 82' lang='lat'><strong>46.</strong></span> <span class='ocrx_word' id='word_1_278' title='bbox 263 2607 316 2643; x_wconf 88' lang='lat' dir='ltr'><strong>IV</strong></span> <span class='ocrx_word' id='word_1_279' title='bbox 341 2612 421 2644; x_wconf 87' lang='lat'>314.</span> <span class='ocrx_word' id='word_1_280' title='bbox 448 2629 494 2635; x_wconf 97' lang='lat'>—</span> <span class='ocrx_word' id='word_1_281' title='bbox 529 2612 611 2644; x_wconf 83' lang='lat'>450.</span> <span class='ocrx_word' id='word_1_282' title='bbox 637 2621 665 2644; x_wconf 90' lang='lat' dir='ltr'><strong>z.</strong></span> <span class='ocrx_word' id='word_1_283' title='bbox 692 2607 746 2643; x_wconf 92' lang='lat' dir='ltr'><strong>III</strong></span> <span class='ocrx_word' id='word_1_284' title='bbox 770 2611 858 2653; x_wconf 79' lang='lat'>417;</span> 
     </span>
     <span class='ocr_line' id='line_1_48' title="bbox 111 2653 556 2700; baseline 0 -9"><span class='ocrx_word' id='word_1_285' title='bbox 111 2667 189 2692; x_wconf 69' lang='lat' dir='ltr'><strong>ozon</strong></span> <span class='ocrx_word' id='word_1_286' title='bbox 215 2656 398 2700; x_wconf 82' lang='lat' dir='ltr'><strong>adewnda,</strong></span> <span class='ocrx_word' id='word_1_287' title='bbox 423 2653 556 2691; x_wconf 79' lang='grc' dir='ltr'><strong>ἄδυτα.</strong></span> 
     </span>
    </p>

    <p class='ocr_par' dir='ltr' id='par_1_23' title="bbox 113 2701 859 2890">
     <span class='ocr_line' id='line_1_49' title="bbox 159 2701 859 2747; baseline 0 -9"><span class='ocrx_word' id='word_1_288' title='bbox 159 2706 243 2738; x_wconf 80' lang='lat'>452.</span> <span class='ocrx_word' id='word_1_289' title='bbox 269 2702 443 2739; x_wconf 85' lang='lat' dir='ltr'><strong>Metellus</strong></span> <span class='ocrx_word' id='word_1_290' title='bbox 462 2703 601 2747; x_wconf 82' lang='lat' dir='ltr'><strong>wurde,</strong></span> <span class='ocrx_word' id='word_1_291' title='bbox 627 2702 713 2738; x_wconf 88' lang='lat' dir='ltr'><strong>weil</strong></span> <span class='ocrx_word' id='word_1_292' title='bbox 734 2713 774 2738; x_wconf 87' lang='lat' dir='ltr'><strong>er</strong></span> <span class='ocrx_word' id='word_1_293' title='bbox 792 2701 859 2738; x_wconf 84' lang='lat' dir='ltr'><strong>das</strong></span> 
     </span>
     <span class='ocr_line' id='line_1_50' title="bbox 113 2749 859 2832; baseline -0.001 -47"><span class='ocrx_word' id='word_1_294' title='bbox 113 2749 264 2832; x_wconf 56' lang='lat' dir='ltr'><strong>Heilige</strong></span> <span class='ocrx_word' id='word_1_295' title='bbox 281 2750 352 2787; x_wconf 89' lang='lat' dir='ltr'><strong>mit</strong></span> <span class='ocrx_word' id='word_1_296' title='bbox 369 2749 502 2795; x_wconf 85' lang='lat' dir='ltr'><strong>Augen</strong></span> <span class='ocrx_word' id='word_1_297' title='bbox 527 2751 721 2796; x_wconf 61' lang='lat' dir='ltr'><strong>gemebant,</strong></span> <span class='ocrx_word' id='word_1_298' title='bbox 744 2750 859 2794; x_wconf 90' lang='lat' dir='ltr'><strong>blind,</strong></span> 
     </span>
     <span class='ocr_line' id='line_1_51' title="bbox 113 2797 859 2880; baseline -0.003 -47"><span class='ocrx_word' id='word_1_299' title='bbox 113 2798 332 2880; x_wconf 55' lang='lat' dir='ltr'><strong>vomhrtenat</strong></span> <span class='ocrx_word' id='word_1_300' title='bbox 342 2798 433 2834; x_wconf 86' lang='lat' dir='ltr'><strong>aber</strong></span> <span class='ocrx_word' id='word_1_301' title='bbox 450 2797 510 2833; x_wconf 71' lang='lat' dir='ltr'><strong>fur</strong></span> <span class='ocrx_word' id='word_1_302' title='bbox 523 2798 626 2834; x_wconf 86' lang='lat' dir='ltr'><strong>seine</strong></span> <span class='ocrx_word' id='word_1_303' title='bbox 642 2797 742 2833; x_wconf 90' lang='lat' dir='ltr'><strong>That</strong></span> <span class='ocrx_word' id='word_1_304' title='bbox 760 2797 859 2833; x_wconf 91' lang='lat' dir='ltr'><strong>hoch</strong></span> 
     </span>
     <span class='ocr_line' id='line_1_52' title="bbox 113 2854 256 2890; baseline 0 -10"><span class='ocrx_word' id='word_1_305' title='bbox 113 2854 184 2890; x_wconf 82' lang='lat' dir='ltr'><strong>gee</strong></span> <span class='ocrx_word' id='word_1_306' title='bbox 249 2872 256 2880; x_wconf 94' lang='lat'><strong>.</strong></span> 
     </span>
    </p>

    <p class='ocr_par' dir='ltr' id='par_1_24' title="bbox 163 2892 856 2939">
     <span class='ocr_line' id='line_1_53' title="bbox 163 2892 856 2939; baseline 0.001 -13"><span class='ocrx_word' id='word_1_307' title='bbox 163 2894 362 2929; x_wconf 77' lang='lat'>455-460.</span> <span class='ocrx_word' id='word_1_308' title='bbox 387 2893 454 2929; x_wconf 80' lang='lat' dir='ltr'><strong>sub</strong></span> <span class='ocrx_word' id='word_1_309' title='bbox 481 2892 646 2938; x_wconf 82' lang='lat' dir='ltr'><strong>Caesare,</strong></span> <span class='ocrx_word' id='word_1_310' title='bbox 672 2893 856 2939; x_wconf 82' lang='lat' dir='ltr'><strong>Augusto,</strong></span> 
     </span>
    </p>
   </div>
   <div class='ocr_carea' id='block_1_14' title="bbox 925 2183 1679 2655">
    <p class='ocr_par' dir='ltr' id='par_1_25' title="bbox 927 2183 1679 2655">
     <span class='ocr_line' id='line_1_54' title="bbox 928 2183 1679 2221; baseline 0.001 -1"><span class='ocrx_word' id='word_1_311' title='bbox 928 2196 956 2220; x_wconf 80' lang='lat' dir='ltr'>s.</span> <span class='ocrx_word' id='word_1_312' title='bbox 970 2197 999 2219; x_wconf 85' lang='lat' dir='ltr'><strong>z.</strong></span> <span class='ocrx_word' id='word_1_313' title='bbox 1019 2183 1037 2218; x_wconf 96' lang='lat' dir='ltr'>I</span> <span class='ocrx_word' id='word_1_314' title='bbox 1056 2187 1124 2219; x_wconf 81' lang='lat'><strong>529</strong></span> <span class='ocrx_word' id='word_1_315' title='bbox 1139 2196 1175 2219; x_wconf 93' lang='lat' dir='ltr'>u.</span> <span class='ocrx_word' id='word_1_316' title='bbox 1191 2196 1219 2220; x_wconf 87' lang='lat' dir='ltr'><strong>z.</strong></span> <span class='ocrx_word' id='word_1_317' title='bbox 1234 2184 1268 2218; x_wconf 89' lang='grc' dir='ltr'><strong>ΙΙ</strong></span> <span class='ocrx_word' id='word_1_318' title='bbox 1284 2187 1363 2221; x_wconf 88' lang='lat'>138.</span> <span class='ocrx_word' id='word_1_319' title='bbox 1379 2204 1423 2210; x_wconf 91' lang='lat'>—</span> <span class='ocrx_word' id='word_1_320' title='bbox 1443 2186 1523 2220; x_wconf 82' lang='lat'>456.</span> <span class='ocrx_word' id='word_1_321' title='bbox 1543 2183 1679 2221; x_wconf 73' lang='lat' dir='ltr'><strong>Iliacis</strong></span> 
     </span>
     <span class='ocr_line' id='line_1_55' title="bbox 927 2231 1679 2286; baseline 0.003 -21"><span class='ocrx_word' id='word_1_322' title='bbox 927 2232 973 2275; x_wconf 79' lang='lat' dir='ltr'>f..-</span> <span class='ocrx_word' id='word_1_323' title='bbox 990 2244 1018 2267; x_wconf 96' lang='grc' dir='ltr'><strong>Ζ.</strong></span> <span class='ocrx_word' id='word_1_324' title='bbox 1034 2231 1051 2265; x_wconf 93' lang='lat' dir='ltr'>I</span> <span class='ocrx_word' id='word_1_325' title='bbox 1064 2235 1144 2267; x_wconf 80' lang='lat'>528.</span> <span class='ocrx_word' id='word_1_326' title='bbox 1155 2252 1199 2256; x_wconf 96' lang='lat'><strong>—</strong></span> <span class='ocrx_word' id='word_1_327' title='bbox 1214 2232 1284 2267; x_wconf 81' lang='lat' dir='ltr'><strong>erit</strong></span> <span class='ocrx_word' id='word_1_328' title='bbox 1296 2235 1468 2286; x_wconf 65' lang='lat' dir='ltr'><strong>estque=3</strong></span> <span class='ocrx_word' id='word_1_329' title='bbox 1481 2231 1552 2267; x_wconf 85' lang='lat' dir='ltr'><strong>erit</strong></span> <span class='ocrx_word' id='word_1_330' title='bbox 1564 2233 1608 2266; x_wconf 90' lang='lat' dir='ltr'><strong>ut</strong></span> <span class='ocrx_word' id='word_1_331' title='bbox 1620 2234 1679 2267; x_wconf 84' lang='lat' dir='ltr'><strong>est</strong></span> 
     </span>
     <span class='ocr_line' id='line_1_56' title="bbox 929 2278 1672 2323; baseline 0.001 -10"><span class='ocrx_word' id='word_1_332' title='bbox 929 2280 972 2323; x_wconf 90' lang='lat' dir='ltr'>(s.</span> <span class='ocrx_word' id='word_1_333' title='bbox 991 2290 1021 2314; x_wconf 94' lang='grc' dir='ltr'><strong>Ζ.</strong></span> <span class='ocrx_word' id='word_1_334' title='bbox 1042 2280 1059 2314; x_wconf 95' lang='lat' dir='ltr'>I</span> <span class='ocrx_word' id='word_1_335' title='bbox 1079 2280 1175 2323; x_wconf 80' lang='lat'>299),</span> <span class='ocrx_word' id='word_1_336' title='bbox 1199 2290 1241 2315; x_wconf 89' lang='lat' dir='ltr'><strong>so</strong></span> <span class='ocrx_word' id='word_1_337' title='bbox 1261 2278 1357 2314; x_wconf 87' lang='lat' dir='ltr'><strong>auch</strong></span> <span class='ocrx_word' id='word_1_338' title='bbox 1377 2278 1461 2314; x_wconf 70' lang='lat' dir='ltr'><strong>oft·</strong></span> <span class='ocrx_word' id='word_1_339' title='bbox 1451 2291 1503 2314; x_wconf 87' lang='grc'>1111</span> <span class='ocrx_word' id='word_1_340' title='bbox 1524 2278 1672 2315; x_wconf 85' lang='lat' dir='ltr'><strong>Griech.</strong></span> 
     </span>
     <span class='ocr_line' id='line_1_57' title="bbox 925 2323 1674 2383; baseline 0.001 -22.005"><span class='ocrx_word' id='word_1_341' title='bbox 925 2326 1006 2383; x_wconf 80' lang='lat' dir='ltr'>vgl.</span> <span class='ocrx_word' id='word_1_342' title='bbox 1020 2338 1049 2361; x_wconf 92' lang='grc' dir='ltr'><strong>Ζ.</strong></span> <span class='ocrx_word' id='word_1_343' title='bbox 1065 2325 1104 2362; x_wconf 90' lang='lat' dir='ltr'><strong>B.</strong></span> <span class='ocrx_word' id='word_1_344' title='bbox 1120 2325 1232 2380; x_wconf 87' lang='lat' dir='ltr'>Soph.</span> <span class='ocrx_word' id='word_1_345' title='bbox 1247 2326 1386 2362; x_wconf 88' lang='lat' dir='ltr'><strong>Electr.</strong></span> <span class='ocrx_word' id='word_1_346' title='bbox 1400 2329 1487 2362; x_wconf 82' lang='grc'><strong>676·</strong></span> <span class='ocrx_word' id='word_1_347' title='bbox 1506 2323 1674 2362; x_wconf 75' lang='grc' dir='ltr'><strong><em>θανόντ’</em></strong></span> 
     </span>
     <span class='ocr_line' id='line_1_58' title="bbox 925 2369 1674 2418; baseline 0.003 -11.025"><span class='ocrx_word' id='word_1_348' title='bbox 925 2369 1102 2418; x_wconf 81' lang='grc' dir='ltr'><strong><em>Ὀρέστην</em></strong></span> <span class='ocrx_word' id='word_1_349' title='bbox 1136 2373 1208 2408; x_wconf 79' lang='grc' dir='ltr'><strong>νῦν</strong></span> <span class='ocrx_word' id='word_1_350' title='bbox 1242 2386 1281 2408; x_wconf 78' lang='grc' dir='ltr'><strong>τε</strong></span> <span class='ocrx_word' id='word_1_351' title='bbox 1317 2373 1383 2408; x_wconf 78' lang='grc' dir='ltr'><strong>καὶ</strong></span> <span class='ocrx_word' id='word_1_352' title='bbox 1415 2371 1536 2408; x_wconf 81' lang='grc' dir='ltr'><strong><em>πάλαι</em></strong></span> <span class='ocrx_word' id='word_1_353' title='bbox 1568 2372 1674 2417; x_wconf 79' lang='grc' dir='ltr'><strong>λέγω.</strong></span> 
     </span>
     <span class='ocr_line' id='line_1_59' title="bbox 930 2420 1673 2458; baseline 0.005 -5"><span class='ocrx_word' id='word_1_354' title='bbox 930 2439 976 2446; x_wconf 90' lang='grc'><strong>--</strong></span> <span class='ocrx_word' id='word_1_355' title='bbox 1001 2422 1083 2455; x_wconf 80' lang='lat'>457.</span> <span class='ocrx_word' id='word_1_356' title='bbox 1109 2420 1222 2456; x_wconf 74' lang='lat' dir='ltr'><strong>vittas</strong></span> <span class='ocrx_word' id='word_1_357' title='bbox 1245 2420 1566 2457; x_wconf 84' lang='lat' dir='ltr'>t..·z.11130.—</span> <span class='ocrx_word' id='word_1_358' title='bbox 1591 2424 1673 2458; x_wconf 83' lang='grc'><strong>458.</strong></span> 
     </span>
     <span class='ocr_line' id='line_1_60' title="bbox 930 2466 1675 2512; baseline 0.003 -10"><span class='ocrx_word' id='word_1_359' title='bbox 930 2466 1195 2512; x_wconf 86' lang='lat' dir='ltr'><strong>Vestalinnen,</strong></span> <span class='ocrx_word' id='word_1_360' title='bbox 1229 2467 1369 2503; x_wconf 87' lang='lat' dir='ltr'><strong>welche</strong></span> <span class='ocrx_word' id='word_1_361' title='bbox 1404 2468 1472 2504; x_wconf 87' lang='lat' dir='ltr'><strong>das</strong></span> <span class='ocrx_word' id='word_1_362' title='bbox 1506 2468 1675 2505; x_wconf 81' lang='lat' dir='ltr'><strong>Geliibde</strong></span> 
     </span>
     <span class='ocr_line' id='line_1_61' title="bbox 931 2513 1675 2561; baseline 0.003 -12"><span class='ocrx_word' id='word_1_363' title='bbox 931 2514 999 2549; x_wconf 88' lang='lat' dir='ltr'><strong>der</strong></span> <span class='ocrx_word' id='word_1_364' title='bbox 1023 2513 1254 2551; x_wconf 86' lang='lat' dir='ltr'><strong>Keuschheit</strong></span> <span class='ocrx_word' id='word_1_365' title='bbox 1283 2516 1498 2560; x_wconf 86' lang='lat' dir='ltr'><strong>gebrochen</strong></span> <span class='ocrx_word' id='word_1_366' title='bbox 1529 2516 1675 2561; x_wconf 85' lang='lat' dir='ltr'><strong>hatten,</strong></span> 
     </span>
     <span class='ocr_line' id='line_1_62' title="bbox 930 2560 1676 2609; baseline 0.005 -14"><span class='ocrx_word' id='word_1_367' title='bbox 930 2560 1084 2596; x_wconf 87' lang='lat' dir='ltr'><strong>wurden</strong></span> <span class='ocrx_word' id='word_1_368' title='bbox 1109 2561 1246 2597; x_wconf 87' lang='lat' dir='ltr'><strong>lebend</strong></span> <span class='ocrx_word' id='word_1_369' title='bbox 1270 2562 1310 2598; x_wconf 90' lang='lat' dir='ltr'><strong>in</strong></span> <span class='ocrx_word' id='word_1_370' title='bbox 1328 2562 1441 2598; x_wconf 81' lang='lat' dir='ltr'><strong>tiefer</strong></span> <span class='ocrx_word' id='word_1_371' title='bbox 1459 2562 1557 2598; x_wconf 86' lang='lat' dir='ltr'><strong>Erde</strong></span> <span class='ocrx_word' id='word_1_372' title='bbox 1576 2564 1676 2609; x_wconf 83' lang='lat' dir='ltr'><strong>(viva</strong></span> 
     </span>
     <span class='ocr_line' id='line_1_63' title="bbox 930 2608 1675 2655; baseline 0.004 -12"><span class='ocrx_word' id='word_1_373' title='bbox 930 2609 1062 2644; x_wconf 79' lang='lat' dir='ltr'><strong>humus</strong></span> <span class='ocrx_word' id='word_1_374' title='bbox 1082 2608 1236 2653; x_wconf 82' lang='lat' dir='ltr'><strong>cigentl.</strong></span> <span class='ocrx_word' id='word_1_375' title='bbox 1250 2610 1516 2655; x_wconf 84' lang='lat' dir='ltr'><strong>gewachsener</strong></span> <span class='ocrx_word' id='word_1_376' title='bbox 1535 2610 1675 2655; x_wconf 88' lang='lat' dir='ltr'><strong>Boden,</strong></span> 
     </span>
    </p>
   </div>
   <div class='ocr_carea' id='block_1_15' title="bbox 930 2655 1674 2740">
    <p class='ocr_par' dir='ltr' id='par_1_26' title="bbox 930 2655 1674 2740">
     <span class='ocr_line' id='line_1_64' title="bbox 931 2655 1674 2702; baseline 0.004 -12"><span class='ocrx_word' id='word_1_377' title='bbox 931 2667 958 2691; x_wconf 87' lang='lat' dir='ltr'>s.</span> <span class='ocrx_word' id='word_1_378' title='bbox 985 2668 1015 2690; x_wconf 88' lang='lat' dir='ltr'><strong>z.</strong></span> <span class='ocrx_word' id='word_1_379' title='bbox 1040 2655 1075 2689; x_wconf 93' lang='lat' dir='ltr'><strong>II</strong></span> <span class='ocrx_word' id='word_1_380' title='bbox 1101 2658 1185 2702; x_wconf 87' lang='grc'>315)</span> <span class='ocrx_word' id='word_1_381' title='bbox 1216 2656 1418 2702; x_wconf 84' lang='lat' dir='ltr'><strong>begraben.</strong></span> <span class='ocrx_word' id='word_1_382' title='bbox 1445 2677 1491 2683; x_wconf 94' lang='lat'><strong>—</strong></span> <span class='ocrx_word' id='word_1_383' title='bbox 1522 2661 1603 2693; x_wconf 82' lang='lat'>460.</span> <span class='ocrx_word' id='word_1_384' title='bbox 1638 2658 1674 2694; x_wconf 87' lang='lat' dir='ltr'>S.</span> 
     </span>
     <span class='ocr_line' id='line_1_65' title="bbox 930 2705 1247 2740; baseline 0.003 -1"><span class='ocrx_word' id='word_1_385' title='bbox 930 2715 964 2740; x_wconf 85' lang='lat' dir='ltr'><strong>v.</strong></span> <span class='ocrx_word' id='word_1_386' title='bbox 988 2706 1057 2738; x_wconf 77' lang='grc'><strong>267</strong></span> <span class='ocrx_word' id='word_1_387' title='bbox 1083 2715 1118 2738; x_wconf 89' lang='grc'><strong>11.</strong></span> <span class='ocrx_word' id='word_1_388' title='bbox 1139 2705 1247 2740; x_wconf 86' lang='grc' dir='ltr'>Α11111.</span> 
     </span>
    </p>
   </div>
   <div class='ocr_carea' id='block_1_16' title="bbox 930 2750 1676 2937">
    <p class='ocr_par' dir='ltr' id='par_1_27' title="bbox 930 2750 1676 2937">
     <span class='ocr_line' id='line_1_66' title="bbox 978 2750 1676 2796; baseline 0.001 -11"><span class='ocrx_word' id='word_1_389' title='bbox 978 2753 1179 2787; x_wconf 82' lang='grc'>461-468.</span> <span class='ocrx_word' id='word_1_390' title='bbox 1194 2751 1269 2787; x_wconf 83' lang='lat' dir='ltr'><strong>Der</strong></span> <span class='ocrx_word' id='word_1_391' title='bbox 1278 2755 1309 2786; x_wconf 90' lang='grc'><strong>9.</strong></span> <span class='ocrx_word' id='word_1_392' title='bbox 1318 2751 1341 2786; x_wconf 92' lang='lat' dir='ltr'><strong>J</strong></span> <span class='ocrx_word' id='word_1_393' title='bbox 1343 2750 1408 2787; x_wconf 85' lang='lat' dir='ltr'><strong>uni</strong></span> <span class='ocrx_word' id='word_1_394' title='bbox 1418 2763 1495 2787; x_wconf 87' lang='lat' dir='ltr'><strong>war</strong></span> <span class='ocrx_word' id='word_1_395' title='bbox 1504 2751 1676 2796; x_wconf 85' lang='lat' dir='ltr'><strong>zugleich</strong></span> 
     </span>
     <span class='ocr_line' id='line_1_67' title="bbox 931 2797 1675 2845; baseline 0.004 -13"><span class='ocrx_word' id='word_1_396' title='bbox 931 2797 998 2834; x_wconf 90' lang='lat' dir='ltr'><strong>der</strong></span> <span class='ocrx_word' id='word_1_397' title='bbox 1015 2797 1097 2843; x_wconf 86' lang='lat' dir='ltr'><strong>Tag</strong></span> <span class='ocrx_word' id='word_1_398' title='bbox 1115 2798 1217 2834; x_wconf 84' lang='lat' dir='ltr'><strong>eines</strong></span> <span class='ocrx_word' id='word_1_399' title='bbox 1238 2798 1367 2845; x_wconf 87' lang='lat' dir='ltr'><strong>Sieges</strong></span> <span class='ocrx_word' id='word_1_400' title='bbox 1394 2798 1460 2834; x_wconf 82' lang='lat' dir='ltr'><strong>des</strong></span> <span class='ocrx_word' id='word_1_401' title='bbox 1480 2797 1524 2834; x_wconf 88' lang='lat' dir='ltr'><strong>D.</strong></span> <span class='ocrx_word' id='word_1_402' title='bbox 1543 2798 1675 2835; x_wconf 85' lang='lat' dir='ltr'><strong>Junius</strong></span> 
     </span>
     <span class='ocr_line' id='line_1_68' title="bbox 930 2845 1673 2892; baseline 0.003 -13"><span class='ocrx_word' id='word_1_403' title='bbox 930 2846 1068 2880; x_wconf 82' lang='lat' dir='ltr'><strong>Brutus</strong></span> <span class='ocrx_word' id='word_1_404' title='bbox 1093 2845 1187 2882; x_wconf 76' lang='lat' dir='ltr'><strong>fiber</strong></span> <span class='ocrx_word' id='word_1_405' title='bbox 1211 2846 1272 2882; x_wconf 89' lang='lat' dir='ltr'><strong>die</strong></span> <span class='ocrx_word' id='word_1_406' title='bbox 1298 2846 1468 2882; x_wconf 84' lang='lat' dir='ltr'><strong>Gallaeci</strong></span> <span class='ocrx_word' id='word_1_407' title='bbox 1499 2847 1673 2892; x_wconf 73' lang='grc' dir='ltr'><strong>(Καλλαι-</strong></span> 
     </span>
     <span class='ocr_line' id='line_1_69' title="bbox 931 2891 1674 2937; baseline 0.003 -9"><span class='ocrx_word' id='word_1_408' title='bbox 931 2893 1008 2937; x_wconf 81' lang='grc' dir='ltr'>κοί,</span> <span class='ocrx_word' id='word_1_409' title='bbox 1039 2891 1180 2929; x_wconf 84' lang='lat' dir='ltr'><strong>welche</strong></span> <span class='ocrx_word' id='word_1_410' title='bbox 1212 2893 1397 2930; x_wconf 85' lang='lat' dir='ltr'><strong>zwischen</strong></span> <span class='ocrx_word' id='word_1_411' title='bbox 1421 2893 1495 2929; x_wconf 85' lang='lat' dir='ltr'><strong>den</strong></span> <span class='ocrx_word' id='word_1_412' title='bbox 1518 2894 1674 2930; x_wconf 82' lang='lat' dir='ltr'><strong>Astures</strong></span> 
     </span>
    </p>
   </div>
  </div>
 </body>
</html>
