1838 3132
177 115 262 156 120

802 114 914 151 Ovidi
936 115 1119 152 fastorum

355 225 457 266 tunc
488 224 677 279 primum
710 226 886 266 externa
915 226 1093 277 pectora
1122 226 1238 266 tacta
1269 238 1412 266 manu.

177 287 260 325 805
294 283 430 325 instat
462 297 612 325 amans
643 283 781 325 hostis
812 282 1011 338 precibus
1043 284 1268 337 pretioque
1301 283 1529 339 minisque:

353 356 431 384 nec
461 356 586 396 prece
618 356 696 383 nec
725 342 865 396 pretio
897 355 975 383 nec
1006 345 1152 384 movet
1180 341 1253 384 ille
1285 342 1424 385 minis.

293 399 390 442 ‘Nil
423 401 536 456 agis3
569 399 770 455 eripiam'
803 400 912 443 dixit
943 399 1042 456 ‘per
1071 400 1249 443 crimina
1279 401 1434 444 vitam:

352 459 489 502 falsus
522 459 722 501 adulterii
753 460 880 502 testis
914 459 1083 502 adulter
1114 474 1198 502 ero.

292 519 542 561 interimam
572 518 804 570 famulum,
836 533 930 561 cum
963 533 1047 574 quo
1080 519 1290 575 deprensa
1319 519 1500 562 fereris?

176 582 261 620 810

354 578 578 620 succubuit
608 578 749 619 famae
775 578 892 621 victa
921 577 1068 633 puella
1099 581 1228 620 metu.

296 636 416 691 quid,
447 637 604 691 victor,
636 637 827 692 gaudes?
857 636 964 679 haec
994 640 1038 679 te
1069 637 1252 679 victoria
1281 638 1444 693 perdet.

356 695 440 737 heu
474 698 634 751 quanto
666 697 813 752 regnis
843 710 929 739 nox
962 696 1084 738 stetit
1113 712 1200 738 una
1229 697 1334 739 tuis!

296 754 473 810 Iamque
505 757 599 797 erat
632 759 727 798 orta
758 755 860 797 dies.

909 755 1051 811 passis
1084 755 1200 798 sedet
1231 755 1308 798 illa
1339 756 1525 811 capillis,

359 815 408 855 ut
441 814 551 856 solet
582 814 636 856 ad
667 815 759 857 nati
790 816 928 857 mater
959 814 1074 857 itura
1105 829 1275 870 rogum,

181 877 264 914 815
298 872 673 929 grandaevumque
704 876 872 929 patrem
903 873 990 916 fido
1022 888 1120 916 cum
1152 874 1334 929 coniuge
1366 874 1519 916 castris

357 935 527 986 evocat,
559 935 603 975 et
634 934 779 988 posita
810 933 931 975 venit
961 934 1140 989 uterque
1171 947 1304 975 mora.

292 993 422 1047 utque
454 991 604 1034 vident
634 992 851 1047 habitum,
883 1007 991 1047 quae
1022 993 1164 1034 luctus
1197 1006 1343 1047 causa,
1374 992 1618 1048 requirunt,

352 1050 420 1092 cui
450 1053 573 1106 paret
605 1051 824 1106 exequias,
857 1065 994 1106 quove
1027 1052 1083 1093 sit
1113 1051 1201 1093 icta
1231 1051 1382 1093 malo?

292 1109 368 1151 illa
399 1109 473 1152 diu
504 1110 658 1152 reticet
687 1110 1022 1165 pudibundaque
1054 1110 1167 1152 celat
1198 1110 1358 1152 amictu

175 1172 262 1210 820

354 1183 440 1211 ora
489 1169 628 1211 fluunt
659 1169 861 1212 lacrimae
893 1183 1013 1211 more
1044 1169 1244 1224 perennis
1277 1183 1424 1224 aquae.

291 1227 392 1270 hinc
423 1230 563 1283 pater,
594 1227 694 1271 hinc
727 1229 913 1271 coniunx
944 1227 1144 1271 lacrimas
1178 1229 1372 1271 solantur
1404 1232 1447 1271 et
1477 1231 1618 1282 orant,

352 1286 529 1342 indicet,
560 1290 604 1329 et
635 1302 763 1330 caeco
794 1288 981 1343 flentque
1012 1289 1255 1343 paventque
1287 1290 1418 1331 metu.

294 1348 361 1387 ter
392 1349 548 1389 conata
578 1347 697 1402 loqui
728 1349 795 1389 ter
826 1347 1010 1400 destitit,
1042 1361 1229 1402 ausaque
1262 1350 1414 1402 quarto

352 1420 440 1447 non
472 1406 620 1448 oculos
653 1406 749 1448 ideo
783 1407 960 1449 sustulit
990 1406 1066 1448 illa
1098 1420 1210 1449 suos,

175 1467 259 1506 825
294 1463 413 1507 eHoc
446 1479 615 1521 quoque
647 1465 884 1521 Tarquinio
917 1465 1198 1508 debebimus?
1231 1463 1440 1520 eloquar',
1470 1464 1632 1521 inquit,

354 1522 552 1579 ‘eloquar
583 1524 735 1566 infelix
767 1524 949 1567 dedecus
980 1524 1076 1579 ipsa
1108 1523 1302 1566 meum‘P'

292 1597 484 1638 quaeque
516 1586 678 1638 potest,
709 1587 868 1627 narrat.
911 1583 1135 1626 restabant
1165 1583 1339 1625 ultima:
1370 1583 1507 1638 flevit,

352 1644 395 1684 et
425 1643 690 1685 matronales
723 1644 930 1686 erubuere
963 1657 1109 1699 genae.

292 1700 397 1743 dant
426 1702 597 1743 veniam
628 1702 744 1744 facto
777 1701 947 1758 genitor
979 1702 1249 1757 coniunxque
1281 1704 1464 1744 coactae.

173 1763 260 1803 830

353 1759 537 1810 ‘Quam'
569 1760 676 1803 dixit
708 1760 900 1804 ‘veniam
930 1775 1008 1804 vos
1041 1761 1173 1810 datis,
1201 1761 1300 1816 ipsa
1330 1759 1477 1818 nego'.

294 1833 374 1862 nec
405 1834 545 1875 mora,
577 1821 714 1863 celato
746 1820 841 1862 fixit
872 1835 950 1862 sua
979 1823 1156 1875 pectora
1186 1820 1300 1863 ferro

353 1881 395 1920 et
426 1879 543 1921 cadit
573 1879 618 1922 in
650 1880 815 1935 patrios
849 1879 1182 1935 sanguinulenta
1212 1879 1355 1934 pedes.

292 1940 395 1979 tunc
426 1953 607 1994 quoque,
638 1939 726 1981 iam
757 1938 964 1994 moriens,
995 1953 1048 1981 ne
1079 1953 1170 1981 non
1200 1939 1457 1994 procumbat
1481 1938 1678 1993 honeste,

353 1997 547 2052 respicit.
595 1998 702 2040 haec
735 1997 868 2040 etiam
899 2012 1001 2040 cura
1032 1997 1222 2040 cadentis
1256 2001 1359 2039 erat.

173 2092 255 2124 806.
281 2092 396 2125 movet
422 2089 565 2125 ‘macht
583 2089 802 2126 Eindruck’.
841 2089 922 2125 Liv.

173 2140 193 2180 ξ
230 2141 272 2172 3:
320 2136 551 2183 Tarquinius
599 2138 713 2180 fateri
755 2148 924 2180 amorem,

176 2195 295 2228 orare,
320 2185 466 2220 miscere
484 2185 657 2230 precibus
681 2185 821 2229 minas,
846 2195 921 2220 ver-

174 2243 256 2267 sare
298 2232 341 2267 in
383 2242 504 2267 omnes
540 2235 668 2277 partes
715 2232 923 2267 muliebrem

173 2279 348 2314 animum.
375 2299 421 2305 —
456 2282 537 2314 807.
563 2290 633 2325 per
663 2280 764 2315 crim.
793 2279 923 2314 ‘unter

174 2325 549 2372 Ansehuldigungen'
555 2354 565 2370 ‚
588 2327 664 2372 vgl.
690 2326 770 2362 Liv.
797 2330 856 2370 58,
881 2330 921 2361 4:

174 2374 241 2409 ubi
265 2374 485 2410 obstinatam
508 2374 656 2410 videbat
673 2378 706 2410 et
724 2385 769 2409 ne
792 2374 921 2410 mortis

173 2421 316 2466 quidem
352 2424 449 2457 metu
485 2422 685 2466 inclinari,
722 2422 829 2457 addit
871 2422 921 2457 ad

174 2471 307 2504 metum
331 2469 501 2504 dedecus:
531 2479 613 2504 cum
636 2472 782 2504 mortua
811 2469 920 2515 iuqu—

174 2515 290 2551 latwm
308 2526 449 2551 servum
467 2516 609 2551 nudum
623 2517 834 2561 positurum
854 2516 920 2558 ait,

174 2566 216 2598 ut
240 2562 282 2597 in
311 2563 459 2598 sordido
489 2563 670 2599 adulterio
700 2566 829 2599 necata
863 2563 918 2599 di-

175 2612 292 2646 catur.
308 2629 352 2635 —
374 2613 453 2645 810.
475 2611 596 2652 famae
609 2621 673 2646 m.:
689 2610 771 2646 ‘aus
781 2609 921 2646 Furcht

173 2656 349 2692 ffirihren
359 2657 475 2702 guten
487 2657 593 2692 Ruf’.
602 2678 646 2683 —
649 2658 794 2703 p:uella
803 2669 833 2693 z.
841 2660 920 2693 356.

225 2707 306 2739 812.
325 2707 480 2749 quanto:
498 2704 537 2739 in
550 2704 666 2740 Prosa
683 2704 921 2750 gewohnlich

175 2751 317 2832 {nanti
343 2771 388 2777 —
426 2754 507 2787 813.
539 2752 642 2795 passi
672 2752 803 2797 capilli
838 2751 921 2787 sind

205 2798 338 2834 eichen
362 2798 428 2834 der
453 2798 604 2843 Trauer,
632 2811 659 2834 s.
685 2811 716 2833 z.
742 2799 759 2833 1
780 2803 860 2834 645.
876 2819 920 2824 —

177 2849 257 2881 815.
277 2849 430 2891 patrem,
450 2845 523 2881 den
543 2845 605 2890 Sp.
625 2846 822 2881 Lucretius
841 2845 920 2881 Tri-

177 2893 366 2938 cipitinus,
392 2891 536 2929 damals
561 2892 602 2927 in
625 2891 731 2929 Rom.

1043 2092 1124 2126 821.
1150 2090 1318 2126 solantwr
1344 2089 1412 2125 ‘sie
1438 2090 1576 2126 suchen
1601 2101 1646 2125 zu
1669 2090 1740 2125 lin—

995 2137 1114 2172 dern’.
1130 2157 1174 2184 ,·‘·
1195 2140 1275 2173 822.
1294 2137 1432 2173 indicet
1453 2136 1522 2172 ‘sie
1537 2137 1630 2172 nolle
1644 2137 1741 2174 doch

996 2183 1057 2219 die
1093 2184 1315 2230 (verlangte)
1350 2183 1514 2230 Anzeige
1550 2184 1739 2220 machen’.

994 2231 1742 2323 {1⁶ssffss.1?553‡{if·25”{⁶2¹2⁸12ffi32¹25

993 2327 1093 2362 ideo:
1127 2327 1177 2362 ad
1211 2327 1438 2372 loquendum.
1465 2346 1509 2352 —-
1541 2329 1622 2362 825.
1655 2327 1741 2363 hoc:

992 2373 1158 2409 namlich
1194 2374 1260 2408 das
1287 2374 1423 2418 eloqui:
1450 2373 1638 2409 ‘erzahlen
1664 2372 1735 2410 soll

991 2421 1054 2457 ich
1073 2421 1223 2457 noch?’.
1239 2441 1283 2447 -
1303 2424 1384 2457 829.
1399 2420 1483 2466 Vgl.
1497 2420 1576 2457 Liv.
1591 2432 1620 2457 c.
1633 2423 1740 2466 58,9=

992 2469 1227 2504 consolantur
1246 2479 1392 2515 aegram
1411 2469 1529 2503 animi
1546 2469 1740 2504 avertendo

991 2527 1126 2552 noxam
1145 2516 1188 2552 ob
1209 2519 1333 2551 coacta
1351 2516 1394 2551 in
1410 2519 1591 2551 auctorem
1603 2515 1738 2552 delicti.

1040 2567 1121 2599 832.
1157 2561 1236 2598 Liv.
1263 2574 1293 2598 c.
1320 2566 1382 2606 58,
1410 2566 1472 2597 11:
1492 2563 1672 2608 prolapsa
1696 2563 1740 2599 in

990 2611 1126 2646 vulnus
1157 2610 1378 2646 moribunda
1411 2609 1550 2646 cecidit.
1577 2630 1621 2635 —
1656 2613 1747 2646 833..

993 2658 1135 2693 honeste
1148 2674 1193 2687 =
1206 2658 1388 2701 decenter;
1407 2657 1503 2692 auch
1520 2656 1622 2692 beim
1636 2656 1738 2693 Ster-

994 2705 1067 2740 ben
1085 2705 1242 2740 suchten
1255 2703 1315 2739 die
1335 2703 1444 2739 edlen
1459 2702 1643 2740 Griechen
1661 2703 1738 2740 und

993 2752 1130 2787 Romer
1149 2752 1222 2786 den
1239 2750 1411 2786 Anstand
1436 2763 1482 2786 zu
1506 2751 1669 2787 wahren.
1692 2771 1735 2777 —

994 2802 1073 2835 834.
1093 2799 1179 2834 haec
1192 2797 1357 2834 c.‘daf1·ir
1370 2797 1444 2843 (fiir
1457 2798 1524 2833 das
1536 2799 1736 2844 honestum)

994 2846 1119 2890 sorgte
1152 2845 1204 2881 sie
1236 2844 1332 2881 auch
1364 2846 1462 2882 noch
1496 2845 1548 2880 im
1577 2844 1738 2890 Fallen',

993 2905 1021 2928 s.
1047 2905 1075 2929 z.
1102 2895 1182 2928 224.
