1838 3132
762 110 814 146 III
840 112 1038 147 144—190.

1599 108 1681 150 131

127 229 208 267 165
242 223 314 266 hic
345 223 446 266 anni
478 221 632 264 modus
663 223 741 263 est.
790 221 835 262 in
865 220 1050 262 lustrum
1081 216 1279 260 accedere
1311 216 1456 271 debet,

301 296 410 338 quae
441 282 766 324 consummatur
795 279 1010 335 partibus,
1040 292 1128 320 una
1158 276 1258 319 dies.

242 375 313 419 ‘Si
343 377 447 419 licet
477 375 669 418 occultos
700 374 892 416 monitus
925 372 1071 415 audire
1097 371 1273 414 deorum

300 435 491 486 vatibus,
521 436 571 476 ut
602 435 716 476 certe
746 433 865 475 fama
893 433 1022 475 licere
1047 433 1190 486 putat,

241 509 338 538 cum
369 495 428 537 sis
460 493 635 548 officiis,
666 491 870 545 Gradive,
902 491 1096 534 virilibus
1129 492 1275 545 aptuS,

125 558 209 597 170

299 554 366 596 dic
397 552 522 608 mihi,
553 554 780 594 matronae
812 565 888 593 cur
917 553 995 593 tua
1024 550 1138 592 festa
1169 547 1342 592 colant'.

241 613 303 656 sic
335 626 427 669 ego.
477 613 539 654 sic
570 611 717 667 posita
748 610 858 652 dixit
889 609 995 652 mihi
1026 608 1193 652 casside
1220 607 1415 661 Mavors,

302 673 376 714 sed
406 674 553 714 tamen
583 671 629 713 in
660 670 812 712 dextra
842 668 1020 711 missilis
1051 668 1182 710 hasta
1211 666 1312 708 fuit:

241 731 388 774 ‘Nunc
418 731 606 786 primum
637 729 794 771 studiis
825 728 964 783 pacis,
995 727 1100 769 deus
1131 726 1253 768 utilis
1285 726 1434 781 armis,

300 791 486 833 advocor
517 792 560 832 et
591 802 766 845 gressus
798 787 844 829 in
874 801 990 830 nova
1022 788 1166 828 castra
1195 784 1302 827 fero.

126 854 206 892 175
240 864 319 892 nec
350 850 473 904 piget
502 848 678 903 incepti.
725 847 847 889 iuvat
876 849 959 888 hac
990 859 1160 901 quoque
1191 845 1316 899 parte
1347 844 1525 899 morari,

299 909 382 951 hoc
413 908 551 951 solam
582 921 636 949 ne
668 920 713 948 se
743 919 872 961 posse
896 905 1094 947 Minerva
1124 906 1260 959 putet.

239 968 372 1022 disce,
399 967 659 1010 Latinorum
689 968 812 1007 vates
845 978 1025 1020 operose
1058 963 1240 1017 dierum,

298 1027 411 1082 quod
442 1027 574 1082 petis,
605 1028 649 1067 et
678 1023 860 1067 memori
890 1026 1065 1079 pectore
1097 1022 1213 1065 dicta
1241 1023 1360 1064 nota.

236 1086 378 1129 Parva
408 1086 511 1141 fuit,
542 1086 580 1127 si
611 1084 751 1140 prima
781 1083 890 1126 velis
922 1083 1136 1125 clementa
1166 1080 1342 1132 referre,

122 1150 207 1188 180

297 1145 456 1200 Roma,
487 1144 562 1186 sed
593 1145 638 1186 in
668 1158 803 1199 parva
835 1157 932 1198 spes
963 1145 1111 1185 tamen
1137 1140 1266 1183 huius
1299 1142 1403 1183 erat.

240 1204 415 1247 moenia
445 1204 533 1246 iam
566 1203 760 1254 stabant,
791 1201 964 1257 populis
996 1202 1182 1257 angusta
1212 1199 1392 1256 futuris,

299 1263 462 1306 credita
493 1262 567 1305 sed
599 1262 753 1304 turbae
783 1264 887 1303 tunc
917 1260 1047 1303 nimis
1080 1259 1226 1314 ampla
1257 1273 1371 1302 suae.

239 1337 349 1379 quae
379 1322 512 1364 fucrit
541 1321 699 1375 nostri,
731 1320 771 1362 si
799 1320 990 1376 quaeris,
1019 1319 1141 1375 regia
1171 1318 1284 1372 nati,

299 1383 444 1437 aspice
476 1381 527 1423 de
558 1395 700 1423 canna
731 1379 1099 1434 straminibusque
1131 1377 1319 1421 domum.

125 1445 206 1483 185
241 1440 288 1483 in
321 1440 481 1496 stipula
512 1439 671 1495 placidi
701 1438 901 1494 capiebat
931 1452 1111 1480 munera
1143 1435 1301 1491 somni,

299 1502 343 1542 et
372 1503 520 1542 tamen
551 1514 603 1541 ex
634 1498 712 1540 1110
745 1498 864 1541 venit
894 1497 942 1540 in
973 1500 1093 1540 astra
1122 1498 1234 1539 toro.

238 1559 411 1614 iamque
443 1560 538 1601 1000
570 1557 710 1600 maius
742 1571 900 1600 nomen
930 1556 1153 1599 Romanus
1185 1554 1398 1597 habebat:

230 1638 236 1639 ff
297 1633 376 1661 nec
408 1619 595 1660 coniunx
625 1617 710 1672 illi,
739 1630 818 1659 nec
848 1630 970 1659 socer
1000 1616 1116 1658 ullus
1148 1617 1254 1657 erat.

239 1677 499 1733 spernebant
529 1690 709 1734 generos
740 1676 891 1730 inopes
922 1675 1081 1717 vicinia
1112 1674 1252 1728 dives,

122 1741 206 1779 190

121 1874 164 1880 —
194 1857 271 1889 165.
308 1854 483 1888 lustrum:
517 1863 562 1887 zu
587 1855 608 1886 5
634 1851 773 1887 Jahren
804 1862 865 1897 ge-

118 1901 275 1937 rechnet
305 1913 332 1936 s.
368 1913 399 1937 z.
430 1911 464 1935 v.
493 1903 573 1935 120.
600 1920 645 1925 —
680 1903 758 1935 166.
792 1899 867 1934 Der

119 1948 202 1984 01110
215 1948 308 1993 Tag,
318 1947 479 1983 welcher
492 1958 561 1982 aus
572 1946 646 1982 den
657 1951 678 1982 5
689 1946 867 1982 Ffinfteln

120 1995 538 2040 zusammengerechnet
561 1994 664 2030 wird.

167 2041 383 2078 167—398.
422 2046 452 2078 1.
480 2042 610 2077 Marz.

170 2093 368 2127 167-258.
387 2088 686 2132 Matronalia,
699 2089 767 2124 das
780 2089 868 2125 Fest

122 2138 187 2173 der
211 2141 305 2173 rom.
324 2136 561 2173 Hausfrauen
586 2147 631 2171 zu
651 2136 777 2172 Ehren
801 2136 867 2172 der

118 2184 218 2221 Juno
243 2184 406 2228 Lucina,
432 2183 591 2229 gefeiert
615 2195 675 2219 am
705 2188 736 2220 1.
762 2183 866 2229 Tage

121 2232 186 2268 des
211 2241 333 2267 neuen
356 2230 499 2276 Jahres,
524 2230 612 2266 weil
636 2231 669 2267 J.
691 2231 779 2266 Luc.
805 2231 866 2266 die

122 2278 252 2315 Gottin
284 2279 348 2314 des
372 2277 501 2314 Lichts
531 2279 607 2313 und
632 2277 699 2313 der
724 2277 867 2314 Geburt

120 2337 210 2362 war.
259 2324 330 2361 Die
361 2324 469 2360 Feier
502 2325 751 2361 beschrankte
785 2324 866 2360 sich

123 2373 190 2409 auf
212 2371 274 2408 die
292 2371 460 2416 Familiae,
485 2372 613 2407 indem
630 2373 692 2408 (110
711 2373 866 2408 Manner

124 2419 185 2456 die
202 2420 348 2455 Frauen
365 2418 631 2464 beschenkten‚
648 2419 709 2454 die
722 2418 867 2455 Frauen

124 2467 186 2503 die
212 2467 374 2503 Sklaven
402 2466 634 2502 bewirteten.
683 2466 826 2502 Preller
850 2466 868 2501 I

124 2514 159 2551 S.
186 2518 256 2550 274
268 2513 295 2550 f.
320 2517 401 2550 341.

171 2565 251 2598 167.
282 2562 460 2597 monitus:
491 2573 521 2595 z.
553 2561 570 2596 I
600 2563 682 2597 467.
708 2581 754 2586 -
786 2564 867 2597 168.

123 2608 193 2646 Die
216 2612 316 2645 vates
340 2608 424 2643 sind
450 2607 656 2654 eigentlich
678 2607 740 2643 die
765 2608 868 2643 alten

122 2656 290 2703 heiligen
327 2655 485 2702 Sanga,
517 2655 676 2692 Barden.
710 2676 753 2681 —
788 2659 866 2691 169.

122 2714 205 2741 cum
230 2725 274 2730 —
299 2707 410 2750 aptus
432 2703 484 2739 ist
515 2702 582 2739 der
607 2703 767 2739 Nebens.
794 2714 868 2738 von

123 2755 310 2788 mammae
336 2771 379 2776 —
405 2751 535 2787 colant.
563 2770 607 2776 —
633 2751 695 2795 off.
719 2751 867 2786 virilia:

125 2797 185 2834 die
199 2797 426 2845 (religiosen)
440 2797 787 2843 Dienstleistungen
801 2798 866 2833 der

123 2843 288 2882 M'anner.
313 2866 359 2871 —
394 2845 572 2882 Gradive:
597 2858 626 2882 z.
652 2845 686 2880 II
712 2848 792 2881 861.
821 2866 864 2872 —-

126 2895 206 2929 173.
241 2893 346 2930 utilis
378 2892 629 2938 ε3011011101113,
666 2891 741 2939 vgl.
775 2892 864 2930 Hor.

299 1739 343 1779 et
373 1736 487 1779 male
519 1735 725 1779 credebar
757 1734 983 1791 sanguinis
1016 1736 1166 1776 auctor
1197 1747 1291 1788 ego.

939 1861 1051 1886 carm.
1078 1850 1095 1884 I
1122 1854 1183 1895 12,
1208 1852 1272 1884 42:
1300 1848 1435 1885 Curius
1465 1849 1571 1886 utilis
1595 1848 1686 1886 bello

938 1898 1014 1933 und
1053 1898 1149 1933 oben
1185 1909 1220 1932 v.
1246 1899 1268 1932 5
1287 1895 1312 1932 f.
1347 1917 1390 1922 —
1430 1899 1510 1933 174.
1544 1906 1687 1942 ,messus

939 1945 1010 1980 mit
1028 1943 1242 1990 Beziehung
1260 1944 1326 1979 auf
1345 1944 1517 1981 Gradive.
1532 1964 1577 1969 —
1604 1947 1685 1980 177.

940 2010 985 2022 =
1003 1992 1021 2027 I
1035 1996 1115 2028 101.
1131 2013 1173 2018 -
1195 1995 1275 2027 178.
1289 1992 1455 2028 memori:
1474 1991 1535 2028 die
1554 1990 1593 2026 111
1614 1990 1687 2027 (1011

939 2040 1084 2076 Texten
1109 2038 1224 2075 allein
1248 2038 1541 2075 vorkommende
1560 2039 1685 2075 Form.

987 2091 1186 2123 179-230.
1199 2086 1265 2122 Als
1279 2087 1401 2122 ersten
1412 2085 1541 2122 Grund
1552 2084 1613 2121 fur
1626 2085 1687 2122 die

938 2134 1045 2171 Feier
1055 2134 1122 2170 der
1132 2133 1360 2170 Matronalia
1374 2144 1434 2168 am
1448 2134 1574 2169 ersten
1582 2132 1687 2179 Tage

939 2182 1062 2218 seines
1075 2182 1224 2219 Monate
1244 2181 1387 2217 erz‘ahlt
1398 2180 1499 2216 Mars
1522 2180 1582 2216 die
1594 2179 1686 2215 Her-

939 2230 1104 2275 stellung
1124 2229 1190 2265 des
1207 2228 1384 2264 Friedens
1406 2227 1595 2263 zwischen
1612 2226 1687 2263 den

937 2277 1101 2313 Romern
1134 2276 1211 2312 und
1240 2276 1314 2311 den
1350 2275 1534 2311 Sabinern
1568 2273 1687 2310 durch

940 2324 1002 2359 die
1026 2322 1383 2359 Dazwischenkunft
1407 2322 1473 2358 der
1497 2322 1655 2358 Frauen.

989 2375 1068 2408 180.
1111 2372 1239 2407 huius.-
1281 2369 1469 2405 deiktisch
1511 2369 1583 2406 mit
1618 2369 1688 2405 Be-

940 2418 1100 2464 ziehung
1124 2418 1192 2452 auf
1213 2418 1279 2453 das
1309 2417 1588 2463 gegenwartige
1619 2428 1686 2462 gc-

941 2465 1094 2512 waltige
1119 2465 1224 2502 Rom.
1251 2485 1296 2490 —
1324 2468 1403 2500 181.
1424 2464 1596 2511 populis.-
1618 2476 1649 2499 z.
1668 2463 1687 2498 I

940 2516 998 2548 38.
1024 2533 1069 2539 -
1095 2515 1254 2559 angusta
1286 2512 1348 2547 ‘zu
1373 2512 1476 2557 eng’.
1526 2510 1685 2558 Seyffert

940 2563 961 2603 ξ
988 2563 1067 2604 197,
1089 2563 1107 2594 1
1127 2559 1172 2595 A.
1220 2558 1307 2605 Vgl.
1333 2559 1414 2595 Liv.
1439 2559 1457 2594 I
1482 2563 1516 2604 8,
1540 2563 1584 2595 4:
1610 2570 1683 2595 crc—

939 2608 1058 2643 scebat
1070 2607 1216 2644 interim
1226 2607 1314 2643 urbs
1325 2607 1594 2644 munitionibus
1606 2606 1686 2642 alia

940 2658 1047 2700 atque
1070 2655 1150 2691 alia
1179 2654 1379 2700 adpetendo
1410 2655 1507 2699 loca,
1538 2664 1619 2690 cum
1642 2654 1686 2689 in

938 2713 1036 2748 spem
1077 2702 1195 2749 magis
1235 2702 1386 2746 futurae
1433 2701 1685 2738 multitudinis

938 2761 1047 2795 quam
1061 2750 1110 2785 ad
1127 2750 1179 2793 id,
1192 2749 1290 2795 quod
1307 2753 1385 2785 tum
1396 2749 1582 2785 homimum
1594 2750 1685 2790 erat,

937 2797 1133 2833 munirent.
1147 2817 1192 2823 —-
1208 2800 1277 2833 184
1289 2797 1315 2832 f.
1341 2796 1377 2832 S.
1399 2795 1417 2830 I
1432 2799 1509 2831 199.
1524 2798 1594 2830 205
1607 2793 1686 2830 und

938 2844 1046 2880 Anln.
1059 2857 1088 2880 z.
1102 2844 1120 2879 I
1141 2848 1220 2880 199.
1237 2865 1279 2871 -
1301 2847 1379 2880 189.
1399 2844 1632 2889 spernebant:
1652 2854 1685 2879 z.

937 2891 971 2926 ΙΙ
983 2895 1063 2929 657.
1072 2912 1115 2919 -
1129 2895 1207 2928 190.
1215 2892 1325 2929 male:
1334 2892 1411 2935 vix,
1421 2889 1542 2926 ‘nicht
1548 2889 1685 2928 recht'.

1351 2949 1399 2986 9*
