1838 3132
754 93 791 128 H
815 98 835 129 7
838 96 1015 130 44—803.

1582 91 1667 133 119

283 204 354 246 1118
385 203 521 257 88181,
552 202 659 244 11888
688 201 838 257 facies,
867 202 939 244 1118
969 202 1098 244 decor
1127 202 1216 244 oris
1248 200 1367 243 erat?

108 269 190 307 775
226 262 286 306 Ut
317 262 428 305 solet
459 276 485 304 a
515 275 674 318 magno
705 262 861 304 fluctus
891 262 1168 317 languescere
1199 260 1323 315 flatu,

285 321 358 364 sed
389 324 536 364 tamen
567 335 594 363 a
624 323 771 375 vento,
802 321 878 376 qui
907 320 1010 375 fuit,
1039 320 1165 375 unda·
1185 322 1342 375 tumet,

224 381 303 436 sie,
335 381 530 436 quamvis
562 380 711 422 aberat-
741 380 927 434 placitae
958 379 1202 435 praesentia
1231 379 1418 432 formae,

285 455 412 496 quem
443 439 620 481 dederat
648 453 853 494 praesens
883 438 1043 494 forma,
1074 438 1280 481 manebat
1311 452 1443 481 amor.

224 499 346 541 ardet
378 502 421 541 et
450 498 600 540 iniusti
632 497 821 540 stimulis
852 499 1044 553 agitatur
1071 498 1242 540 amoris.

108 563 193 601 780

284 560 508 612 comparat
537 557 714 613 indigno
747 557 919 612 vimque
950 557 1181 612 dolumque
1211 560 1322 599 toro.

225 617 363 659 exitus
394 617 602 659 indubio
635 619 711 658 est.
762 616 1049 658 ‘Audebimus
1081 617 1252 658 ultima!

1263 615 1276 633 '
1309 615 1416 657 dixit

283 676 480 718 ‘videritl
514 676 719 718 audentes
749 675 925 731 forsque
956 674 1144 730 deusque
1175 676 1309 718 iuvat.

226 735 416 791 cepimus
447 735 642 778 audendo
674 734 836 777 Gabios
868 733 1072 790 quoque'.

1120 734 1227 776 talia
1257 734 1373 776 fatus

285 809 384 837 ense
415 795 528 836 latus
560 795 695 837 cinxit
724 797 934 849 tergaque
965 794 1126 849 pressit
1157 793 1267 848 equi.

107 858 190 897 785
225 853 396 910 Accipit
427 856 576 896 aerata
605 853 804 895 iuvenem
837 851 1027 895 Collatia
1056 855 1200 908 porta,

282 913 465 956 condere
495 913 584 955 iam
615 913 758 954 vultus
790 912 881 954 sole
912 915 1094 967 parante
1126 926 1240 955 suos·

222 971 379 1026 hostis,
408 975 457 1014 ut
487 972 663 1027 hospes,
692 972 774 1013 init
803 972 1044 1027 penetralia
1075 969 1300 1013 Collatini:

284 1031 464 1074 comiter
495 1031 717 1086 excipitur.
766 1031 974 1087 sanguine
1004 1031 1176 1073 iunctus
1208 1032 1314 1072 erat.

222 1093 430 1146 quantum
462 1090 616 1132 animis
648 1090 806 1132 erroris
835 1090 970 1132 inest!
1002 1092 1128 1144 parat
1158 1089 1297 1132 inscia
1326 1103 1471 1131 rerum

108 1154 193 1192 790

283 1150 432 1192 infelix
464 1149 614 1205 epulas
648 1149 846 1192 hostibus
877 1149 954 1191 illa
985 1149 1086 1191 suis.

222 1209 392 1251 functus
425 1212 518 1250 erat
548 1208 742 1264 dapibus.
792 1210 978 1264 poscunt
1009 1223 1087 1250 sua
1117 1210 1316 1263 tempora
1347 1221 1559 1250 somnum.

281 1283 367 1311 nox
399 1270 512 1320 erat‚·
539 1270 582 1310 et
611 1270 706 1310 tota
736 1268 902 1310 lumina
931 1267 1052 1310 nulla
1084 1267 1232 1310 domo:

225 1330 364 1383 surgit
395 1330 439 1369 et
470 1329 671 1369 auratum
702 1327 863 1384 vagina
893 1327 1050 1369 liberat
1080 1340 1229 1368 ensem

281 1390 325 1428 et
354 1387 473 1430 venit
502 1386 546 1428 in
577 1386 817 1441 thalamos,
847 1388 987 1441 nupta
1017 1385 1192 1440 pudica,
1223 1388 1336 1428 tuos.

106 1450 188 1488 795
222 1448 354 1502 utque
385 1448 530 1488 torum
560 1446 735 1523 pressit,
768 1444 986 1497 Ferrum,
1017 1444 1237 1498 Lucretia,
1267 1458 1436 1487 mecum
1468 1446 1554 1487 est!

282 1504 435 1547 natus'
468 1504 573 1547 11113ε
583 1506 698 1561 regis
724 1505 1075 1572 Tarquiniusque
1106 1503 1294 1560 loquor'.

222 1565 300 1606 illa
330 1564 450 1607 nihil.
497 1578 635 1619 neque
667 1564 781 1606 8111111
811 1578 960 1607 vocem
991 1564 1190 1619 viresque
1220 1563 1425 1618 loquendi

207 1636 216 1637 ’
285 1626 361 1666 aut
392 1623 556 1679 aliquid
587 1626 682 1666 toto
713 1626 888 1679 pectore
919 1623 1078 1665 mentis
1108 1622 1254 1665 habet.

225 1682 299 1726 sed
329 1683 495 1738 tremit,
525 1685 576 1724 ut
607 1683 823 1738 quondam
855 1683 1037 1725 stabulis
1070 1682 1282 1737 deprensa
1311 1681 1473 1724 relictis

105 1745 190 1784 800

280 1757 415 1797 parva
446 1717 525 1784 elib
558 1741 715 1784 infesto
748 1757 845 1784 cum
876 1742 989 1784 iacet
1021 1755 1136 1797 agna
1166 1741 1280 1796 lupo.

224 1801 325 1856 quid
356 1800 517 1843 faeiat?
547 1801 744 1868 pugnet?
774 1801 970 1844 vincetur
999 1800 1161 1842 femina
1189 1814 1402 1867 pugnans.

283 1860 469 1902 clamet?
503 1862 549 1902 at
579 1861 625 1902 in
656 1860 824 1915 dextra,
856 1860 931 1916 qui
961 1862 1095 1915 vetet,
1126 1859 1241 1901 ensis
1274 1862 1378 1902 erat.

222 1919 428 1975 effugiat?
459 1918 614 1974 positis
645 1920 854 1976 urgentur
882 1922 1060 1975 pectora
1090 1919 1265 1974 palmis,

102 2058 223 2095 stalt’.
238 2079 282 2084 —
310 2062 389 2094 775.
415 2071 440 2095 a
466 2060 614 2095 ‘von—
628 2059 724 2103 her’,
750 2058 848 2095 zeitl.

102 2107 221 2142 daher
247 2106 388 2142 ‘nach'-

151 2163 232 2196 777.
250 2161 416 2206 quamvis
435 2171 465 2196 8.
479 2159 556 2196 ind.
576 2173 605 2196 z.
616 2163 697 2196 485.
708 2181 751 2186 —
768 2163 848 2197 779.

101 2208 236 2243 imum·
277 2208 431 2243 amoris:
473 2208 534 2243 die
582 2206 848 2254 regelmassige

102 2252 234 2290 Gattin
270 2253 385 2289 heil'st
419 2256 520 2291 iusta
555 2266 661 2291 uxor.
687 2275 735 2280 —
768 2258 847 2291 780.

102 2302 276 2347 indiyno:
301 2302 367 2336 der
390 2303 446 2338 vis
469 2302 546 2337 und
571 2303 636 2338 des
660 2303 776 2338 dolus.

153 2359 232 2391 782.
263 2356 415 2391 viderit!
444 2367 532 2401 mag
556 2356 610 2391 sie
635 2357 745 2400 881111,
776 2356 849 2392 wie

103 2403 158 2438 sie
195 2402 475 2447 durchkommt‚
511 2402 587 2438 ich
621 2403 744 2439 werde
781 2404 848 2439 (188

103 2449 268 2495 Meinige
292 2449 404 2485 thun!
445 2449 480 2486 S.
506 2450 599 2486 fiber
623 2450 751 2486 diesen
777 2450 848 2486 Ge-

102 2497 245 2533 11188811
280 2508 354 2532 von
374 2497 521 2533 'viderit
557 2499 644 2533 met.
678 2497 731 2532 IX
762 2500 847 2533 519:

102 2545 260 2580 viderit!
293 2545 464 2589 insanos,
493 2546 635 2590 inqm't,
664 2545 850 2589 fateamur

102 2602 251 2628 amores.
295 2591 329 2626 X
354 2595 434 2628 624.
470 2592 549 2628 her.
577 2597 637 2637 12,
664 2596 744 2629 211.
789 2603 849 2627 ars

103 2651 174 2676 am.
189 2639 225 2673 II
244 2642 328 2674 371.
350 2640 484 2676 viderit
495 2640 664 2676 Alcides!
687 2640 852 2675 Helenen

102 2697 166 2732 890
189 2687 342 2722 crimine
364 2687 472 2724 solvo.
510 2698 600 2723 rem.
627 2691 708 2723 249.
745 2689 790 2722 tr.
817 2687 851 2721 V

103 2736 137 2778 2,
156 2736 214 2769 43.
253 2746 298 2770 ex
316 2734 356 2768 P.
375 2733 393 2768 I
412 2738 447 2780 2,
460 2738 494 2770 9.
531 2735 623 2770 Zum
648 2733 852 2770 Gedanken

104 2761 181 2824 v’gl.
208 2791 241 2816 8.
267 2792 300 2816 a.
326 2780 344 2815 I
370 2785 456 2817 608.
481 2783 673 2818 audentem
708 2783 853 2828 forsque

111 2827 300 2874 Venusque
308 2829 424 2865 iwvat.
432 2831 520 2865 met.
530 2829 565 2864 X
578 2832 666 2866 586:
680 2830 853 2865 audentes

105 2875 194 2911 dms
215 2876 292 2922 ipse
315 2876 429 2913 iuvat

971 2062 1048 2095 787.
1075 2058 1161 2104 Vgl.
1187 2059 1269 2094 Liv.
1296 2069 1326 2094 c.
1353 2061 1416 2103 58,
1441 2061 1481 2093 8·
1508 2057 1591 2094 Sex.
1617 2061 1669 2094 est

925 2107 1172 2153 Tarquinius,
1199 2107 1264 2152 qui
1292 2107 1406 2142 hostis
1437 2116 1507 2161 pso
1530 2106 1670 2150 hospite

922 2155 992 2190 ete.
1029 2173 1077 2180 —
1114 2156 1194 2189 788.
1231 2154 1413 2199 sanquine
1448 2154 1474 2189 i
1511 2163 1563 2188 e.:
1600 2152 1670 2188 Be-

921 2201 1120 2246 grundung
1151 2200 1216 2236 des
1249 2199 1577 2246 Vorherg.;1'iber
1608 2199 1668 2235 die

921 2248 1251 2284 Verwandtschast
1274 2261 1304 2284 z.
1331 2251 1412 2283 733.

970 2306 1050 2337 791.
1063 2313 1151 2337 sua.-
1165 2301 1225 2337 die
1239 2301 1325 2336 dem
1334 2300 1467 2336 Schlaf
1476 2300 1669 2346 gehon-ige.

922 2369 967 2375 -
988 2353 1057 2384 795
1068 2349 1106 2384 ff.
1125 2348 1204 2384 Liv.
1225 2359 1255 2384 8.
1271 2351 1327 2392 58,
1341 2352 1380 2383 2:
1399 2349 1526 2384 stricto
1543 2349 1670 2394 yladio

921 2397 970 2432 ad
994 2397 1226 2432 dormientem
1249 2395 1462 2431 Lucretiam
1484 2396 1597 2441 venit,
1620 2397 1670 2432 si-

920 2444 1108 2489 nistraque
1125 2454 1241 2478 manu
1258 2443 1423 2479 mulieris
1565 2454 1583 2479 8
1606 2443 1669 2479 ob-

915 2501 1059 2535 presso:
1078 2490 1182 2534 ‘tae-e,
1194 2489 1388 2526 Lucretia'
1391 2491 1550 2536 iniquit,
1566 2490 1667 2527 ‘San

925 2538 1154 2583 Tarquinius
1183 2548 1284 2582 sum;
1316 2518 1456 2582 ferriom
1486 2539 1530 2574 in
1555 2549 1670 2574 mam

921 2585 1000 2620 est'.
1098 2588 1179 2621 797.
1204 2586 1273 2621 illa
1295 2586 1392 2621 nihil
1416 2596 1465 2622 88.
1485 2586 1596 2622 dixit.

925 2635 1004 2668 799.
1041 2633 1225 2677 quondam
1256 2632 1326 2669 wie
1364 2633 1460 2668 auch
1490 2634 1576 2669 olim
1607 2645 1667 2668 zu-

924 2678 1057 2761 weillen
1099 2678 1139 2715 in
1181 2679 1458 2724 Gleichnissen,
1497 2680 1670 2715 ‘maneh-

923 2737 986 2761 ma
1026 2754 1034 2762 .

972 2783 1052 2815 801.
1071 2780 1254 2816 vincetur:
1267 2780 1386 2816 davor
1399 2792 1475 2826 erg.
1486 2784 1537 2824 at,
1552 2779 1669 2824 ‘aber,

924 2827 1074 2864 wendet
1092 2828 1146 2863 sie
1166 2828 1247 2864 sich
1267 2828 1358 2864 ein’.
1374 2848 1416 2854 —
1438 2831 1518 2863 803.
1534 2828 1670 2873 positis

926 2891 971 2904 =
1007 2875 1125 2920 inpos.
1168 2887 1195 2911 s.
1239 2875 1320 2911 Liv.
1364 2888 1394 2910 z.
1431 2887 1466 2911 v.
1505 2878 1585 2911 796.
1624 2896 1667 2901 —
