1812 3120
155 146 239 188 188

774 143 885 180 Ovidi
908 143 1089 180 fastorum
1101 171 1103 174 .

334 254 393 296 eet
424 268 589 295 mecum
621 253 772 307 plenos
804 251 906 294 flore
937 250 1093 293 referte
1126 250 1287 293 sinus!⁹

275 313 442 355 Praeda
473 312 687 368 puellares
719 310 888 352 animos
919 310 1133 365 prolectat
1162 310 1321 362 inanis,

336 375 378 414 et
407 386 495 414 non
527 370 711 412 sentitur
742 369 967 412 sedulitate
999 369 1135 412 labor.

155 435 240 474 435
274 431 382 473 haec
412 430 566 484 implet
596 429 715 471 lento
748 428 942 470 calathos
974 442 996 469 e
1028 428 1185 470 vimine
1216 442 1366 482 nexos,

249 486 253 490 ’
333 490 440 532 haec
472 488 700 544 gremium,
730 488 853 530 laxos
886 487 1091 542 degravat
1121 487 1198 529 illa
1230 487 1359 528 sinus.

274 549 350 590 illa
381 548 487 603 legit
519 547 706 602 calthas,
735 546 836 588 huic
868 550 968 588 sunt
998 546 1177 588 violaria
1207 560 1349 599 curae,

334 607 411 649 illa
443 620 704 662 papavereas
737 606 935 647 subsecat
965 618 1107 660 ungue
1139 619 1295 647 comas.

273 666 372 721 has,
402 665 654 720 hyacinthe,
687 667 827 720 tenes,
858 664 973 719 illas,
1005 667 1246 717 amarante,
1277 663 1478 716 moraris,

157 731 243 768 440

336 739 436 780 pars
468 725 638 779 thyma,
669 738 769 778 pars
801 738 961 777 rorem,
991 738 1092 777 pars
1124 723 1348 765 meliloton
1380 723 1508 764 amat.

275 784 461 839 plurima
490 784 603 825 lecta
634 797 734 825 rosa
766 785 849 837 est,
881 785 981 824 sunt
1012 784 1055 824 et
1087 782 1178 823 sine
1209 782 1383 823 nomine
1414 780 1559 831 flores3

334 843 430 898 ipsa
461 856 607 884 crocos
640 844 790 884 tenues
821 841 997 896 liliaque
1030 841 1129 883 alba
1159 841 1278 896 legit.

276 901 479 956 carpendi
511 901 652 943 studio
683 901 893 956 paulatim
923 900 1095 956 longius
1127 900 1226 952 itur,

335 964 377 1002 et
409 961 629 1002 dominam
661 974 761 1002 casu
792 960 912 1001 nulla
944 962 1090 1001 secuta
1122 973 1276 1001 comes.

153 1025 238 1063 445
276 1019 398 1061 Hanc
431 1019 549 1061 videt
581 1022 624 1061 et
654 1019 792 1061 visam
823 1021 1003 1073 patruus
1035 1017 1237 1060 velociter
1269 1017 1411 1059 aufert

335 1092 553 1134 regnaque
585 1078 791 1119 caeruleis
823 1078 869 1118 in
902 1092 979 1119 sua
1010 1078 1158 1131 portat
1190 1077 1321 1131 equis.

273 1138 351 1180 illa
384 1138 558 1193 quidem
590 1137 808 1179 clamabat
840 1135 931 1190 eIo,
962 1135 1184 1177 carissima
1215 1138 1364 1186 mater,

333 1195 549 1238 auferor!'
581 1196 676 1251 ipsa
707 1209 808 1237 suos
842 1194 1168 1250 abscideratque
1199 1195 1330 1236 sinus.

272 1255 484 1298 Panditur
515 1255 680 1297 interea
711 1252 804 1296 Diti
835 1255 924 1307 via,
954 1267 1139 1308 namque
1170 1253 1372 1294 diurnum

154 1319 242 1358 450

334 1316 478 1356 lumen
508 1314 723 1356 inadsueti
757 1314 830 1355 vix
860 1313 1085 1368 patiuntur
1116 1312 1227 1367 equi.

272 1378 319 1416 at
349 1374 505 1415 chorus
538 1373 746 1428 aequalis,
778 1372 1020 1414 cumulatae
1051 1371 1157 1414 flore
1189 1370 1432 1424 ministrae,

333 1430 657 1486 ‘Persephone',
690 1432 880 1473 clamant
912 1430 980 1472 ‘ad
1010 1433 1087 1472 tua
1118 1430 1231 1472 dona
1262 1427 1404 1471 venil'

273 1494 321 1534 ut
353 1492 538 1533 clamata
571 1491 687 1545 silet,
718 1492 888 1532 montes
919 1489 1157 1531 ululatibus
1189 1488 1372 1544 implent

334 1553 377 1593 et
407 1550 568 1592 feriunt
600 1551 767 1591 maesta
797 1551 975 1604 pectora
1006 1548 1119 1590 nuda
1150 1562 1293 1589 manu.

154 1615 239 1653 455
274 1610 478 1652 Attonita
509 1611 575 1650 est
605 1609 812 1663 plangore
845 1607 973 1650 Ceres
1007 1606 1154 1661 (modo
1189 1608 1365 1648 venerat
1395 1604 1638 1661 Hennam),

332 1682 410 1711 nec
441 1682 580 1722 mora,
612 1666 703 1708 ‘Me
735 1667 953 1708 miseram!
994 1666 1112 1719 filia’,
1144 1665 1252 1707 dixit
1284 1664 1375 1706 ‘ubi
1407 1663 1505 1707 es‘?'

275 1727 434 1770 mentis
465 1727 592 1780 inops
624 1726 804 1781 rapitur,
838 1726 985 1781 quales
1017 1725 1162 1766 audire
1195 1724 1382 1766 solemus

335 1785 555 1828 Threicias
587 1785 693 1827 fusis
724 1785 955 1827 maenadas
987 1784 1047 1826 ire
1078 1784 1223 1826 comis.

203 1931 284 1962 432.
310 1927 433 1962 sinus.-
455 1939 485 1960 z.
502 1924 538 1959 11
557 1928 638 1961 404.
654 1945 697 1950 --
718 1927 798 1959 435.
818 1923 902 1969 Vgl.

156 1973 290 2010 Catull.
319 1977 380 2017 64,
415 1976 483 2008 319
527 1973 665 2018 virqati
702 1972 903 2007 calathisci.

155 2021 263 2057 Auch
295 2021 333 2056 in
360 2020 433 2055 den
466 2019 739 2055 eleusinischen
763 2018 903 2064 Myste-

155 2069 236 2104 rien
274 2068 456 2114 gehbrten
494 2066 554 2102 die
585 2066 710 2102 Kbrbe
749 2078 793 2100 zu
831 2066 903 2101 den

155 2116 378 2161 Requisiten
404 2115 469 2150 der
487 2113 740 2158 Darstellung,
767 2113 902 2148 ebenso

155 2163 216 2199 fur
259 2162 320 2198 die
363 2160 560 2204 Kfinstler,
609 2161 750 2197 welche
800 2160 903 2195 diese

158 2211 274 2246 Scene
298 2208 598 2245 verbildlichten.

204 2273 285 2305 438.
312 2279 448 2304 comas:
473 2279 501 2302 z.
522 2266 575 2301 III
595 2270 641 2302 34
660 2266 736 2301 und.
756 2268 836 2301 854.
857 2285 901 2290 —

156 2321 237 2352 440.
271 2327 406 2352 rorem:
438 2315 542 2350 sonst
566 2313 629 2350 bei
656 2313 698 2348 O.
723 2312 793 2348 mit
818 2312 902 2348 dem

156 2365 289 2400 Zusatz
314 2374 389 2398 von
413 2363 540 2398 maris.

204 2431 285 2463 441.
318 2430 424 2462 sunt:
450 2429 609 2471 erganze
636 2426 728 2461 lecti.
757 2446 799 2451 —-
825 2425 904 2460 sine

156 2476 300 2511 nomine
319 2475 375 2518 fl.:
395 2486 423 2509 z.
438 2473 456 2507 I
473 2477 550 2508 111.
567 2494 612 2498 —
632 2476 713 2508 445.
731 2475 903 2518 patruus,

156 2521 222 2556 Dis
242 2520 464 2566 (Πλούτων),
486 2521 551 2555 der
569 2520 712 2555 Bruder
730 2520 795 2554 des
813 2520 902 2564 Jup-

156 2570 266 2616 piter‚
293 2567 357 2603 des
376 2567 512 2602 Vaters
539 2567 605 2602 der
629 2566 861 2612 Proserpina.

205 2637 285 2669 446.
319 2633 493 2675 caerulei,
518 2636 784 2677 κυανοχαῖται,
810 2631 905 2666 dun-

157 2680 364 2725 kelfarbig,
391 2679 460 2714 wie
487 2679 580 2715 alles
614 2679 653 2714 in
682 2679 747 2713 der
770 2678 904 2713 Unter-

158 2728 263 2771 welt3
290 2729 376 2763 met.
394 2726 429 2762 V
445 2731 514 2762 360
539 2725 685 2762 heissen
711 2725 769 2760 die
788 2725 904 2761 Rosse

159 2775 224 2810 des
238 2775 349 2810 Pluto
369 2774 454 2809 atri.
471 2794 513 2798 —
533 2778 613 2809 448.
634 2774 906 2817 abscideratque

158 2824 202 2867 (z.
222 2823 315 2867 144)
334 2822 450 2865 sinus,
468 2820 538 2855 wie
560 2832 598 2856 es
610 2819 904 2856 Verzweifelnde

158 2870 270 2912 thun3
304 2869 378 2914 vgl.
398 2867 510 2913 Verg.
535 2868 625 2902 Aen.
647 2867 680 2902 V
695 2870 781 2902 685:
811 2867 905 2902 Tum

154 2917 244 2962 pius
255 2916 397 2951 Aeneas
411 2915 544 2950 umeris
557 2915 766 2950 abscindere
779 2917 905 2949 vestem

977 1923 1188 1968 aux-ilioque
1226 1933 1353 1958 vocare
1388 1922 1471 1958 deos
1510 1924 1543 1957 et
1580 1922 1726 1966 tendere

970 1971 1127 2016 palmas.
1147 1990 1191 1996 —
1213 1973 1293 2005 449.
1313 1970 1499 2014 panditur
1518 1969 1634 2004 durch
1653 1969 1720 2004 Er—

977 2016 1131 2063 &ffnung
1164 2018 1266 2052 einer
1296 2016 1418 2051 Hohle
1449 2015 1489 2050 in
1520 2016 1587 2051 der
1610 2016 1719 2052 Erde.

976 2086 1020 2091 —
1041 2067 1121 2100 450.
1135 2063 1220 2109 Vgl.
1238 2063 1311 2099 Cic.
1331 2063 1371 2098 in
1383 2063 1488 2098 Verr.
1501 2062 1617 2107 IV48‚
1634 2066 1723 2098 107.-

975 2112 1125 2148 Etenim
1144 2122 1257 2156 prope
1274 2114 1325 2147 est
1341 2111 1513 2155 spelunca
1529 2111 1724 2156 quaedam,

976 2169 1147 2195 conversa
1164 2159 1214 2194 ad
1232 2159 1449 2203 aquilonem,
1466 2158 1617 2201 infinita
1635 2158 1720 2195 altie

975 2207 1120 2249 tudine,
1157 2217 1230 2251 qua
1260 2206 1384 2240 Ditem
1419 2207 1560 2249 patrem
1595 2205 1720 2249 ferunt

975 2257 1118 2299 repente
1146 2264 1227 2288 eum
1251 2263 1365 2288 curru
1389 2252 1566 2287 exstitisse
1590 2253 1720 2296 abrep-

975 2304 1118 2345 tamque
1148 2311 1192 2336 ex
1224 2310 1262 2336 eo
1291 2301 1367 2335 loeo
1397 2299 1574 2344 viryinem
1603 2310 1720 2335 seeum

976 2352 1190 2393 asportasse.

1022 2399 1103 2430 451.
1130 2396 1262 2430 chorus
1281 2394 1444 2439 aequalis
1457 2410 1502 2423 =
1516 2394 1568 2428 ch.
1586 2404 1718 2439 aequa-

976 2443 1076 2477 lium.
1098 2462 1142 2467 —
1163 2445 1243 2477 452.
1263 2445 1330 2476 tua
1348 2442 1463 2476 dona:
1485 2439 1720 2476 ‘Geschenke

974 2489 1034 2524 fiir
1053 2489 1168 2533 dich'‚
1190 2489 1224 2524 d.
1245 2489 1280 2525 h.
1302 2488 1362 2523 die
1382 2487 1550 2523 Blumen.
1571 2508 1618 2513 —
1636 2491 1718 2523 454.

975 2540 1111 2572 maesta
1148 2547 1280 2572 manu.-
1317 2548 1347 2571 z.
1372 2535 1425 2569 III
1451 2538 1529 2570 688.
1564 2555 1606 2560 -
1635 2545 1719 2579 pee-

975 2587 1056 2619 tora
1075 2584 1196 2619 nuda:
1214 2583 1300 2618 weil
1319 2582 1371 2618 sie
1391 2581 1471 2616 sich
1490 2581 1529 2616 in
1549 2581 1614 2617 der
1626 2581 1718 2616 Ver-

977 2630 1176 2675 zweiflung
1218 2630 1284 2665 das
1327 2628 1491 2664 Gewand.
1539 2628 1718 2664 zerrissen

977 2679 1120 2713 hatten.

1024 2728 1104 2760 457.
1136 2723 1264 2759 mentis
1293 2724 1400 2768 inops
1431 2739 1475 2751 =
1506 2733 1638 2758 amens.
1672 2743 1718 2749 ——

976 2773 1125 2817 rapitur
1140 2771 1232 2805 ‘rast
1251 2770 1303 2805 sie
1324 2769 1467 2805 dahin’.
1482 2790 1526 2795 —
1547 2773 1627 2806 458.
1648 2770 1718 2806 Die

977 2816 1159 2864 μαινάδες
1183 2817 1266 2852 sind
1291 2816 1351 2851 die
1376 2817 1559 2852 rasenden
1582 2816 1718 2852 Diene-

976 2865 1108 2901 rinnen
1127 2865 1192 2900 des
1205 2863 1386 2907 Bacchus,
1407 2863 1468 2898 die
1487 2864 1718 2899 namentlich

975 2913 1015 2947 in
1045 2911 1227 2947 Thracien
1264 2911 1488 2957 (Threicius,
1528 2911 1717 2957 Θρηΐκιος)

1535 2997 1557 3012 Χ
