1820 3126
407 132 742 169 handsehriffliche
766 122 1054 178 Uberlieferung
1079 131 1144 167 der
1168 130 1317 167 rasten.
1616 130 1642 171 5

82 243 155 298 qui
187 241 306 283 omni
336 255 491 297 genere
522 241 728 283 vitiorum
760 242 886 284 aucto
918 240 1054 283 codici
1085 256 1113 282 α
1142 239 1335 282 bonitate
1361 239 1541 293 cederet,
1571 254 1648 294 per

82 301 190 343 alios
223 301 413 343 diversos
443 300 592 355 libros,
623 300 696 355 qui
723 315 801 342 sua
826 300 1006 355 quisque
1031 299 1122 341 fata
1145 299 1400 349 habuerunt,
1430 297 1648 340 fluxerunt

82 360 250 403 codices
289 358 444 413 AUD,
481 374 663 414 quorum
702 360 943 402 coniunctis
981 358 1207 414 praesidiis
1246 357 1403 400 codicis
1441 359 1470 412 β
1500 357 1646 413 imago

82 421 441 475 repraesentatur.

200 477 281 520 Sed
313 481 485 532 praeter
515 477 629 520 hunc
662 477 752 520 cod.
784 479 812 532 β
844 477 975 519 etiam
1007 477 1132 532 alius,
1163 491 1292 532 quem
1320 491 1348 530 γ
1372 476 1564 530 nomino,
1596 489 1648 517 ex

81 537 171 580 cod.
210 553 237 578 α
276 537 514 592 descriptus
560 539 641 592 est,
687 538 760 591 qui
804 539 846 578 et
886 536 981 592 ipse
1018 535 1321 592 neglegentiae
1359 534 1648 590 audaciaeque

82 597 195 638 mala
234 601 434 652 expertus
472 599 537 638 est
575 598 617 638 et
648 610 724 651 per
755 595 1021 650 exemplaria
1051 595 1188 637 multo
1219 594 1479 648 recentiora,
1517 608 1647 650 quam

84 655 306 710 archetypi
332 657 360 710 β
387 658 502 710 sunt,
533 655 793 710 graviusque
818 655 1081 710 interpolata
1105 654 1230 696 nobis
1256 654 1459 708 innotuit,
1483 656 1532 695 ut
1557 654 1648 695 eius

79 715 238 757 notitia
263 714 493 756 admodum
520 715 700 757 obscura
727 717 769 756 et
792 714 958 756 incerta
984 714 1052 755 sit.
1094 712 1156 756 Ut
1182 716 1326 755 autem
1351 713 1481 754 etiam
1507 713 1646 768 magis

84 777 224 816 status
255 774 319 816 rei
351 774 523 816 criticae
554 773 900 829 perturbaretur,
937 773 1022 814 alia
1055 787 1107 814 ex
1137 772 1219 814 hoc
1249 771 1460 814 librorum
1492 785 1648 827 genere

82 833 135 875 ad
160 834 294 888 prius,
326 833 412 875 alia
437 833 521 875 huc
546 832 668 875 illinc
693 832 1078 887 transferebantur,
1102 846 1232 888 quam
1258 831 1314 873 ob
1339 845 1430 873 rem
1455 831 1649 886 plerique

83 893 183 934 libri
222 891 457 947 scripturas
490 906 541 934 ex
573 894 754 947 utroque
786 905 940 947 genere
973 890 1241 933 consociatas
1272 890 1481 945 praebent
1512 904 1649 945 neque

86 951 137 993 de
163 952 285 993 libris
312 951 626 994 recentioribus
653 950 885 993 diiudicare
911 950 1022 1005 licet,
1054 965 1103 992 ex
1129 951 1227 991 utro
1256 963 1411 1006 genere
1438 949 1649 1005 originem

83 1010 303 1065 duxerint,
333 1011 472 1052 utrius
505 1010 741 1065 scripturae
773 1012 926 1066 postea
957 1010 1131 1052 inlatae.
1191 1008 1344 1064 Itaque
1374 1011 1558 1050 stemma
1583 1009 1650 1050 de-

82 1071 260 1126 pingere
291 1083 379 1112 non
411 1084 541 1112 ausus
575 1084 681 1111 sum.

200 1128 314 1170 Illud
353 1129 485 1171 etiam
522 1142 636 1171 nunc
668 1128 762 1170 dico
795 1142 1004 1183 speroque
1036 1142 1104 1170 me
1136 1127 1401 1183 persuasisse
1433 1126 1487 1169 ad
1518 1127 1651 1169 verba

83 1187 207 1230 Ovidi
258 1188 472 1231 fastorum
523 1187 783 1230 recensenda
825 1201 915 1230 non
958 1187 1097 1230 solum
1142 1201 1251 1242 opus
1295 1201 1388 1229 esse
1433 1186 1651 1228 codicibus

80 1246 218 1290 AUD
257 1272 313 1277 —-
353 1248 415 1290 sic
453 1248 566 1289 enim
603 1261 690 1289 non
729 1247 841 1289 ultra
878 1246 1067 1289 codicem
1104 1247 1133 1301 β
1171 1245 1451 1289 ascendemus
1486 1270 1543 1275 —
1576 1245 1652 1288 sed

82 1306 215 1348 etiam
265 1306 363 1348 aliis
406 1307 530 1349 libris
574 1305 951 1361 BCZMTHVL,
1002 1306 1084 1348 etsi
1126 1304 1385 1348 recentiores
1431 1307 1550 1358 sunt,
1599 1318 1651 1347 ex

81 1366 238 1420 quibus
265 1365 422 1408 codicis
447 1382 475 1419 y
500 1365 666 1421 effigies
691 1366 923 1407 maximam
949 1367 1118 1421 partem
1142 1364 1410 1407 restituatur.
1437 1363 1497 1406 sic
1522 1364 1650 1407 nobis

7 1442 11 1445 ·
81 1426 316 1480 continget,
346 1427 395 1467 ut
427 1425 666 1467 coniunctis
700 1425 1032 1467 auctoritatibus
1064 1423 1225 1467 codicis
1257 1425 1296 1477 β,
1329 1423 1401 1479 qui
1434 1426 1500 1465 est
1524 1423 1649 1465 testis

80 1483 359 1539 locupletior,
391 1487 434 1526 et
465 1484 623 1526 codicis
654 1500 682 1539 γ
714 1483 769 1526 ad
800 1483 1081 1539 archetypum
1113 1499 1140 1525 α
1174 1483 1406 1534 enitamur,
1437 1486 1651 1538 quantum

80 1543 126 1585 in
162 1546 232 1585 tot
268 1546 443 1598 tamque
481 1544 686 1599 gravibus
725 1543 996 1597 differentiis,
1035 1557 1144 1598 quae
1182 1543 1295 1584 inter
1325 1543 1354 1597 β
1386 1544 1429 1584 et
1458 1557 1487 1596 y
1518 1542 1651 1584 inter-

81 1605 313 1654 cesserant,
346 1616 441 1644 cum
473 1603 629 1644 tertius
663 1603 786 1644 testis
817 1616 905 1644 non
937 1602 1064 1656 adsit,
1094 1602 1178 1645 hoc
1208 1602 1303 1644 fieri
1333 1603 1489 1656 potest.
1521 1601 1650 1643 relin-

82 1664 271 1716 quuntur
309 1662 421 1703 enim
460 1662 620 1704 multae
656 1661 706 1704 de
738 1664 829 1704 cod.
862 1677 889 1703 α
922 1661 1232 1716 dubitationes,
1270 1675 1377 1716 quas
1410 1661 1651 1702 discernere

79 1721 271 1763 virorum
315 1721 538 1763 doctorum
582 1720 713 1763 iudici
755 1720 1002 1776 indolisque
1042 1719 1279 1762 Ovidianae
1323 1719 1528 1762 scientiae
1573 1722 1651 1773 est,

79 1782 246 1822 restant
284 1780 415 1822 etiam
453 1780 499 1822 in
537 1782 656 1822 certa
693 1780 783 1822 cod.
816 1795 843 1821 α
874 1779 1065 1835 imagine
1102 1780 1262 1821 multae
1296 1778 1492 1821 maculae
1524 1777 1646 1820 Ovidi

80 1838 257 1895 ingenio
290 1838 430 1881 aliena
461 1839 757 1895 neglegentia,
787 1839 971 1894 inscitia,
1001 1839 1248 1880 temeritate
1279 1838 1512 1892 inspersae,
1544 1852 1650 1893 quas

80 1898 289 1954 indagare
322 1901 365 1940 et
396 1899 562 1940 auferre
594 1898 827 1940 eorundem
860 1898 1112 1953 sagacitatis
1140 1900 1184 1940 et
1209 1897 1426 1939 sollertiae
1452 1894 1589 1953 est.’¹)

184 2004 219 2048 1)
246 2003 354 2038 Nach
385 2003 456 2038 den
487 2002 548 2037 fiir
572 2003 614 2039 O.
639 2002 743 2038 Korn
774 2001 1049 2047 angefertigten
1076 2000 1318 2037 Kollationen
1343 2001 1411 2036 hat
1438 2000 1498 2036 die
1524 2000 1651 2036 Hand-

87 2050 372 2096 schriftenfrage
403 2050 598 2086 nochmals
629 2049 860 2085 ausffihrlich
890 2049 967 2084 und
997 2048 1051 2084 im
1082 2048 1272 2085 einzelnen
1298 2047 1550 2093 scharfsinnig
1572 2048 1651 2083 und

83 2099 342 2143 iiberzeugend
363 2097 570 2133 behandelt
582 2098 641 2132 Fr.
657 2097 745 2133 Krfi
752 2108 847 2143 ger,
867 2097 926 2133 De
942 2097 1052 2133 Ovidi
1068 2097 1176 2141 fastis
1192 2096 1415 2132 recensendis
1429 2094 1651 2138 (Rostocker

82 2143 332 2180 Dissertation
354 2147 473 2190 1887),
497 2145 575 2180 und
600 2156 697 2180 zwar
721 2156 773 2190 so,
806 2144 886 2180 dass
917 2155 957 2180 er
981 2145 1052 2179 mit
1076 2144 1173 2179 noch
1198 2143 1400 2188 grosserem
1426 2141 1651 2178 Nachdruck

84 2192 140 2228 als
160 2191 305 2227 Merkel
330 2192 406 2227 und
427 2192 536 2227 Riese
561 2191 621 2226 fiir
640 2191 701 2227 die
720 2192 990 2237 Bevorzugung
1008 2192 1073 2228 des
1098 2191 1318 2226 Petavianus
1338 2189 1397 2234 (A)
1418 2189 1650 2235 eingetreten

82 2239 140 2275 ist.
198 2239 307 2274 Indes
344 2238 442 2274 muss
477 2239 573 2274 auch
605 2250 644 2275 er
677 2238 870 2274 einerseits
903 2238 1220 2284 Interpolationen
1252 2238 1291 2273 in
1322 2237 1402 2272 ihm
1433 2237 1650 2272 einraumen

81 2288 132 2332 (p.
161 2290 204 2321 11
220 2287 307 2331 sq.)‚
333 2286 561 2322 andrerseits
587 2286 769 2331 zugeben,
798 2285 880 2321 dass
906 2285 1012 2321 nicht
1036 2297 1106 2320 nur
1130 2285 1190 2321 die
1217 2296 1277 2320 am
1302 2285 1483 2320 nschsten
1509 2295 1556 2320 an
1581 2284 1649 2320 ihn

82 2334 428 2369 heranreichenden
452 2333 745 2369 Handschriften
771 2333 804 2369 U
829 2333 906 2368 und
931 2333 981 2375 D,
1014 2333 1174 2369 sondern
1199 2332 1295 2368 auch
1321 2331 1381 2367 die
1407 2331 1511 2367 stark
1535 2332 1649 2367 inter-

82 2381 267 2427 polierten
298 2381 322 2415 Z
354 2381 431 2416 und
461 2381 500 2416 M
531 2380 591 2415 fiir
622 2380 682 2416 die
713 2380 930 2426 praktische
956 2380 1082 2415 Kritik
1112 2380 1217 2415 nicht
1246 2391 1291 2414 zu
1322 2379 1527 2415 entbehren
1553 2379 1648 2424 sind,

82 2440 124 2464 so
149 2428 226 2465 viel
251 2439 291 2463 er
315 2429 412 2464 auch
433 2427 518 2463 dem
538 2427 855 2463 divinatorischen
875 2427 1011 2463 Talent
1030 2426 1096 2462 der
1114 2426 1363 2463 Abschreiber
1382 2427 1560 2470 zumutet,
1584 2437 1649 2462 um

81 2476 142 2511 die
168 2475 358 2511 Autoritat
389 2476 566 2521 gewisser
595 2474 886 2510 Handschriften
917 2473 1318 2510 herunterzudri‘icken.
1368 2473 1433 2509 Ich
1465 2473 1569 2510 halte
1600 2485 1649 2510 an

85 2523 158 2559 den
182 2523 221 2558 in
247 2523 313 2558 der
336 2523 409 2558 Dis
463 2523 554 2558 tatio
578 2523 709 2558 critica
739 2521 1004 2557 entwickelten
1030 2521 1288 2557 Grundsatzen
1315 2520 1411 2556 auch
1434 2520 1528 2566 jetzt
1550 2523 1649 2557 noch

84 2570 169 2615 fest,
196 2569 345 2606 obwohl
369 2570 403 2605 ic
455 2571 548 2606 uber
573 2568 780 2604 einzelne
799 2568 941 2604 Stellen
963 2568 1058 2614 jetzt
1083 2569 1216 2604 anders
1236 2568 1383 2612 urteile,
1409 2567 1567 2604 seitdem
1587 2569 1649 2604 die

81 2616 261 2653 Lesarten
299 2618 365 2653 der
395 2616 690 2653 Handschriften
726 2627 890 2661 genauer
924 2615 1094 2651 bekannt
1130 2615 1329 2662 geworden
1360 2615 1454 2651 sind.
1508 2615 1551 2651 In
1583 2616 1650 2651 der

83 2665 439 2711 Textesgestaltung
464 2664 582 2700 selbst
607 2664 689 2700 sind
714 2663 892 2709 fibrigens
912 2663 971 2698 die
989 2662 1293 2709 Abweichungen
1312 2664 1453 2698 meiner
1473 2662 1648 2708 Ausgabe

86 2723 159 2748 von
185 2711 303 2748 denen
323 2713 485 2748 Merkels
510 2712 586 2747 und
607 2711 735 2747 Rieses
760 2710 867 2746 nicht
892 2710 986 2746 eben
1011 2710 1216 2754 zahlreich,
1242 2710 1422 2746 zuweilen
1446 2709 1514 2745 hat
1539 2721 1650 2755 sogar

83 2759 150 2794 der
186 2759 359 2804 lomere,
406 2760 503 2796 noch
542 2758 638 2795 efter
674 2757 835 2794 Merkel²
853 2762 885 2784 ¹¹·
908 2757 922 2777 ⁸
959 2757 1020 2792 die
1057 2758 1189 2793 Lesart
1225 2758 1291 2793 des
1328 2757 1361 2792 A
1397 2757 1648 2801 verschmaht,

83 2817 141 2841 wo
172 2806 234 2842 ich
265 2806 317 2842 sie
349 2807 387 2842 in
419 2807 491 2843 den
515 2806 609 2842 Text
640 2806 784 2852 gesetzt
814 2805 921 2840 habe.
972 2804 1058 2850 (Mit
1082 2804 1139 2839 Μ1
1163 2805 1214 2840 ist
1245 2804 1306 2841 die
1334 2805 1396 2840 bei
1421 2805 1570 2840 Reimer
1595 2815 1648 2840 er-

84 2853 279 2889 schienene
305 2853 537 2890 Merkelsche
560 2853 737 2899 Ausgabe
762 2863 835 2888 von
862 2855 970 2896 1841,
1005 2851 1077 2888 mit
1099 2852 1157 2887 M2
1182 2851 1244 2888 die
1270 2853 1384 2896 erste,
1408 2851 1480 2887 mit
1504 2851 1562 2886 Μ3
1586 2851 1647 2887 die

84 2899 215 2936 zweite
241 2900 502 2938 Teubnersche
527 2901 735 2937 Recension
759 2899 1001 2944 bezeichnet.)
