1838 3132
29 1613 35 1616 '
94 1612 218 1650 710.

742 136 777 172 II
802 139 1000 173 666—710.

1574 135 1658 177 115

210 245 379 288 Ultima
409 245 669 302 Tarquinius
694 245 919 288 Romanae
950 244 1092 300 gentis
1124 244 1315 287 habebat

269 319 422 362 regna,
453 305 519 347 vir
549 305 755 358 iniustus,
785 304 913 347 fortis
945 304 998 346 ad
1030 318 1152 346 arma
1181 306 1338 347 tamen.

211 368 386 419 ceperat
415 364 486 406 hic
518 365 645 418 alias,
678 364 784 406 alias
817 365 1030 406 everterat
1058 363 1206 418 urbes,

94 428 179 467 690

270 427 314 466 et
345 423 508 466 Gabios
540 424 660 478 turpi
689 422 855 464 fecerat
887 425 980 464 arte
1012 437 1124 465 suos.

210 497 396 538 namque
427 483 560 525 trium
591 482 814 536 minimus,
846 482 990 536 proles
1021 481 1257 524 manifesta
1289 479 1490 536 Superbi,

270 542 316 584 in
348 541 512 584 medios
544 542 692 584 hostes
723 543 851 583 nocte
883 541 1036 582 silente
1064 541 1195 584 venit.

208 601 425 643 nudarant
457 601 645 657 gladios:
678 599 914 643 ‘occidite'
947 599 1056 642 dixit
1086 599 1334 642 ‘inermeml

268 661 352 703 hoc
383 661 561 715 cupiant
590 660 747 702 fratres
779 659 1124 714 Tarquiniusque
1156 661 1297 714 pater,

93 723 176 762 695
210 720 283 775 qui
315 734 411 762 mea
442 719 604 762 crudeli
635 718 842 761 laceravit
872 718 1050 760 verbere
1080 717 1238 774 terga'.

270 779 409 821 dicere
440 783 488 821 ut
519 779 602 821 hoc
633 784 799 833 posset,
830 778 1011 820 verbera
1042 791 1196 847 passus
1230 779 1333 819 erat.

208 838 311 880 luna
341 838 437 880 fuit.
487 840 686 893 spectant
715 837 913 879 iuvenem
945 821 1198 892 gladiosque
1229 835 1466 879 recondunt

270 900 480 952 tergaque
512 897 696 939 deducta
727 898 845 938 veste
875 899 1030 938 notata
1060 896 1220 938 vident.

209 955 316 998 flent
347 971 515 1012 quoque
548 959 608 1010 et,
640 958 688 998 ut
719 970 864 998 secum
894 958 1071 998 tueatur
1106 955 1237 1010 bella,
1268 957 1523 1010 precantur3

94 1019 179 1058 700

271 1015 450 1058 callidus
483 1015 648 1072 ignaris
681 1015 835 1057 adnuit
864 1015 936 1056 ille
967 1015 1084 1057 viris.

210 1074 382 1130 iamque
414 1078 570 1130 potens
602 1075 736 1116 misso
768 1074 1009 1130 genitorem
1042 1073 1234 1129 appellat
1266 1073 1424 1129 amico,

270 1133 478 1188 perdendi
510 1133 671 1176 Gabios
704 1133 819 1189 quod
851 1133 935 1175 sibi
966 1135 1179 1175 monstret
1210 1133 1304 1175 iter.

211 1192 363 1235 hortus
397 1193 588 1236 odoratis
621 1193 798 1235 suberat
830 1192 1097 1235 cultissimus
1129 1192 1294 1244 herbis,

270 1255 411 1295 sectus
444 1253 625 1294 humum
656 1252 749 1294 rivo
781 1252 876 1294 lene
908 1252 1104 1294 sonantis
1137 1266 1286 1307 aquae.

93 1316 178 1354 705
211 1310 301 1354 illic
327 1311 587 1367 Tarquinius
620 1311 828 1354 mandata
858 1311 1039 1353 latentia
1070 1312 1163 1353 nati

270 1371 430 1426 accipit
462 1373 505 1413 et
535 1371 659 1426 virga
689 1370 785 1412 lilia
816 1385 985 1413 summa
1015 1370 1153 1413 metit.

210 1430 389 1472 nuntius
422 1433 471 1472 ut
501 1430 630 1472 rediit
661 1429 924 1485 decussaque
955 1429 1050 1472 lilia
1081 1429 1208 1484 dixit,

269 1489 384 1531 filius
416 1488 639 1546 ‘Agnosco
673 1489 791 1532 iussa
822 1487 1039 1544 parentis'
1072 1489 1145 1532 ait.

210 1562 288 1591 nec
320 1563 459 1604 mora,
490 1548 756 1604 principibus
789 1549 928 1591 caesis
961 1562 1013 1590 ex
1045 1548 1151 1590 urbe
1185 1547 1376 1602 Gabina,

141 1762 339 1795 687-710.
366 1757 631 1804 Eroberung
650 1770 736 1795 von
756 1759 840 1795 Ga-

92 1805 176 1851 bii,
202 1806 242 1841 in
265 1806 331 1841 der
363 1806 526 1842 altesten
553 1806 634 1842 Zeit
666 1806 750 1842 eine
777 1807 843 1841 der

92 1851 261 1898 m‘achtig
263 1854 346 1888 sten
385 1852 517 1889 Stadte
553 1853 741 1898 Latiums,
779 1865 841 1899 ge-

92 1901 204 1946 legen
223 1911 272 1936 an
292 1899 358 1936 der
376 1901 439 1936 via
458 1901 714 1945 Praenestina,
732 1882 842 1936 ’halb-

90 1947 314 2079 ξθξᾷεζέξξ
336 1947 559 2040 ἕὲἓὲἶὲἓῗὲζ
585 1947 839 2041 {12:52¹ngAE

114 2054 182 2078 —c

140 2104 220 2137 688.
247 2100 328 2138 Liv.
347 2101 365 2136 I
385 2105 443 2145 53,
466 2105 502 2137 1:
528 2113 593 2139 nee
615 2106 658 2138 ut
678 2103 842 2140 iniustus

92 2150 135 2185 in
153 2159 246 2195 pace
269 2159 354 2193 reat,
384 2150 440 2185 ita
474 2150 552 2185 dua:
585 2150 670 2186 belli
699 2161 842 2195 pravus

91 2196 177 2240 fuit.
205 2197 302 2240 -f-
328 2197 379 2232 ad
403 2208 528 2232 arma.-
562 2197 597 2233 d.
623 2197 659 2233 h
686 2198 839 2233 inHin-

94 2243 193 2279 sicht
216 2243 283 2279 auf
305 2257 370 2286 -ς
405 2254 445 2279 so
469 2243 616 2280 kommt
641 2246 691 2281 ad
714 2244 842 2291 haufig

92 2290 156 2326 bei
174 2291 247 2326 den
266 2290 447 2326 Dichtern
463 2291 570 2337 jener
583 2291 664 2327 Zeit
682 2293 758 2328 und
779 2293 841 2328 bei

93 2336 223 2373 Livius
255 2338 340 2383 (nur
369 2337 575 2374 vereinzelt
605 2339 666 2375 bei
697 2339 840 2385 Cicero)

94 2395 178 2428 vor:
203 2383 478 2430 vg1.Prop.11
505 2389 559 2430 10,
586 2390 625 2421 3·
657 2387 768 2430 fortes
793 2388 843 2422 ad

90 2433 243 2487 proelia.
259 2452 303 2457 —
326 2435 407 2468 690.
430 2431 509 2467 Liv.
525 2443 555 2467 e.
571 2437 627 2477 53,
641 2437 680 2468 4:
704 2432 844 2470 Gabios

96 2500 140 2505 —
165 2480 313 2515 minime
338 2483 416 2515 wrte
434 2479 617 2523 Romana,
641 2481 776 2524 fraude
800 2492 844 2517 ac

96 2527 192 2572 dolo,
217 2527 413 2573 adyressus
437 2530 499 2562 est.

144 2588 225 2622 691.
251 2586 376 2631 proles
399 2597 445 2621 m.
472 2585 583 2631 Sum„-
610 2585 692 2621 ‘der
717 2586 843 2622 wahre

97 2631 198 2668 Sohu
223 2633 342 2669 seines
367 2632 502 2669 Vaters
528 2632 652 2679 Sup.’;
678 2632 846 2678 gemeint

95 2679 147 2715 ist
177 2679 323 2716 Sextus.
372 2680 452 2716 Liv.
486 2692 516 2716 e.
550 2684 614 2724 53,
640 2685 679 2716 5:
713 2680 845 2717 Sextus

96 2727 197 2771 filius
226 2728 322 2771 eius,
352 2729 417 2773 qui
443 2729 619 2764 minimus
649 2739 694 2764 ex
726 2729 846 2764 tribus

98 2774 174 2819 (die
199 2775 341 2811 andern
360 2775 503 2811 hiessen
524 2775 632 2811 Titus
651 2787 686 2811 u.
707 2775 843 2820 Aruns)

98 2825 189 2866 erat,
199 2823 405 2868 vransfuyit
417 2833 462 2858 ex
484 2824 678 2868 composito
695 2822 842 2860 Gabios.

100 2889 144 2894 —
170 2872 249 2906 693.
275 2870 484 2906 nudarant.-
510 2870 612 2916 Subj.
633 2870 684 2906 ist
707 2871 825 2907 hostes
831 2884 845 2914 ;

98 2926 166 2951 vor
196 2917 294 2953 dixit
318 2917 444 2953 wfirde
474 2917 514 2953 in
545 2918 611 2954 der
635 2919 754 2954 Prosa
785 2918 846 2954 ein

270 1607 505 1650 traduntur
536 1606 714 1651 ducibus
746 1607 917 1651 moenia
948 1606 1063 1650 nuda
1096 1607 1197 1650 suis.

914 1769 996 1794 cum
1027 1759 1144 1795 stehn.
1174 1779 1218 1785 —
1251 1762 1332 1794 694.

914 1806 1068 1852 potent„
1096 1806 1172 1851 vgl.
1198 1805 1248 1842 IV
1276 1810 1355 1842 890.

962 1862 1041 1895 698.
1063 1859 1221 1895 deducta
1238 1870 1270 1895 v.
1295 1859 1495 1895 ‘naehdem
1515 1859 1581 1896 das
1595 1859 1664 1896 Ge-

914 1906 1024 1942 wand
1068 1906 1422 1952 heruntergestreift
1464 1907 1576 1943 war’.
1619 1928 1663 1934 —-

914 1957 1033 2000 terga:
1052 1966 1081 1989 z.
1096 1955 1113 1989 I
1127 1958 1183 1990 66.
1195 1975 1238 1980 —
1253 1958 1382 1991 notata
1398 1954 1663 2000 ‘gezeichnet’.

914 2021 959 2035 »-
987 2005 1067 2037 699.
1093 2003 1199 2047 flent.-
1226 2002 1369 2038 weinen
1395 2001 1480 2047 galt
1507 2001 1568 2038 bei
1593 2002 1664 2038 den

914 2049 1027 2084 Alten
1057 2049 1165 2085 nicht
1204 2049 1274 2084 wie
1307 2049 1369 2085 bei
1398 2061 1470 2085 uns
1502 2049 1561 2085 ffir
1597 2062 1664 2085 un-

914 2095 1117 2141 mannlich,
1137 2108 1165 2132 S.
1180 2097 1196 2132 Ι
1209 2100 1291 2132 479.
1300 2117 1345 2123 -
1359 2100 1507 2133 tueatur
1520 2098 1552 2132 b.
1562 2111 1573 2131 .-
1586 2098 1661 2142 vgl.

914 2154 1026 2179 unser
1053 2144 1350 2180 ‘wahrnehmen’
1379 2145 1455 2180 und
1484 2144 1601 2180 Varro
1626 2143 1662 2180 d.

913 2191 937 2226 1.
963 2190 987 2227 1.
1014 2190 1083 2226 VH
1109 2194 1172 2227 12:
1198 2192 1367 2228 Alterum
1398 2192 1525 2235 (tueri)
1557 2203 1581 2227 a
1605 2202 1665 2228 cu-

912 2239 1032 2274 rando
1070 2250 1114 2275 ae
1145 2240 1277 2282 tutela,
1311 2242 1353 2275 ut
1390 2250 1471 2274 cum
1508 2239 1665 2275 dicimus

916 2286 1063 2322 ‘bellum
1087 2286 1223 2330 tueor';
1248 2299 1276 2321 s.
1304 2299 1332 2322 z.
1359 2286 1376 2321 Ι
1401 2289 1483 2322 253.
1511 2307 1555 2311 -
1583 2289 1662 2322 700.

914 2334 1058 2380 iynaris
1085 2333 1173 2368 ‘den
1198 2332 1322 2368 nichts
1348 2332 1574 2369 ahnenden'.

965 2396 1043 2428 701.
1081 2393 1226 2438 iamque
1248 2396 1395 2437 potens.-
1420 2403 1496 2438 erg.
1523 2393 1662 2436 factus3

916 2451 943 2475 s.
965 2440 1044 2475 Liv.
1065 2451 1094 2475 c.
1116 2443 1173 2483 54,
1195 2443 1228 2476 4.
1250 2460 1295 2466 —
1318 2440 1480 2486 appellat
1502 2440 1666 2476 ‘wendet

916 2486 995 2522 sich
1015 2486 1090 2522 an'.
1111 2507 1154 2512 —
1177 2491 1257 2522 703.
1277 2488 1425 2524 suberat
1444 2499 1493 2524 sc.
1514 2488 1665 2524 aedibus

914 2534 1099 2580 yenitoris.
1135 2555 1181 2560 —
1222 2538 1301 2570 704.
1340 2535 1453 2571 lenes*
1473 2534 1539 2570 der
1575 2537 1663 2571 Aee.

917 2581 996 2625 (des
1033 2581 1188 2617 inneren
1228 2580 1401 2628 Objekts)
1437 2581 1568 2618 Neutr.
1600 2583 1664 2619 des

916 2628 988 2710 ssgj
973 2630 1062 2674 J.ect
1083 2628 1117 2664 b.
1139 2629 1274 2665 Verbis
1297 2630 1453 2666 intrans,
1481 2631 1575 2666 statt
1598 2630 1664 2666 des

977 2687 1010 2710 v.

966 2732 1046 2765 706.
1073 2730 1173 2765 lizia:
1197 2729 1234 2765 b.
1259 2729 1399 2774 Livius,
1425 2730 1564 2775 Dionys
1588 2730 1664 2765 und

917 2778 1022 2812 sonst
1053 2776 1136 2811 sind
1168 2788 1208 2813 es
1244 2777 1435 2822 Mohnkssp
1438 2778 1484 2813 fe.
1512 2798 1556 2803 ——
1584 2781 1663 2814 707.

916 2824 1084 2860 decussa:
1110 2824 1177 2859 das
1204 2824 1263 2860 W.
1290 2835 1358 2860 aus
1383 2825 1461 2860 Liv.
1491 2836 1520 2860 c.
1547 2826 1604 2869 54,
1631 2828 1663 2861 6.

916 2891 962 2896 —
990 2874 1068 2907 708.
1094 2882 1251 2917 aynosco
1278 2872 1359 2907 ‘ich
1385 2872 1592 2908 verstehe'.
1619 2892 1663 2898 —

917 2922 997 2955 710.
1023 2920 1165 2955 moenia
1191 2931 1221 2955 z.
1241 2920 1257 2954 I
1283 2923 1364 2955 515.
1399 2920 1433 2956 S.
1455 2919 1535 2956 Liv.
1556 2930 1587 2955 c.
1607 2923 1664 2966 54,

1332 2979 1380 3014 8*

1359 1760 1532 1805 cupiant.-
1559 1759 1663 1806 conj.
