1820 3126
200 119 228 159 4
731 117 1039 162 Vorbemerkung
1062 117 1154 153 fiber
1178 117 1238 153 die

201 226 360 268 welche
393 226 531 268 neben
569 226 707 267 vielen
739 223 1108 278 Interpolationen
1145 239 1225 266 uns
1258 239 1312 266 an
1345 225 1563 268 einzelnen
1594 224 1757 268 Stellen

201 285 331 327 allein
367 287 493 327 unter
532 284 643 326 allen
678 283 1015 325 Handschriften
1053 283 1120 324 die
1151 283 1274 325 echte
1305 284 1456 326 Lesart
1488 284 1759 327 aufbewahrt

201 345 351 386 haben.
407 342 507 385 Von
545 342 689 383 diesen
722 341 1059 383 Handschriften
1098 342 1269 384 kennen
1306 344 1386 384 wir
1422 357 1510 384 nun
1543 344 1580 384 A
1612 358 1758 386 zuver-

198 404 335 458 lassig
373 416 448 444 aus
488 402 562 443 der
599 415 682 442 von
714 400 840 442 Riese
878 400 1142 456 vollstandig
1176 399 1546 457 (‘accuratissime‚
1585 403 1757 445 omissis

198 465 367 503 tantum
413 459 756 515 orthographicis
802 459 932 501 medii
976 461 1069 501 aevi
1114 459 1374 516 quisquiliis'
1419 476 1457 515 p.
1496 460 1623 517 VIII)
1668 475 1758 504 ver-

200 520 490 562 offentlichten
522 518 742 560 Kollation
781 518 834 561 H.
861 518 997 572 Keils3
1039 533 1114 560 aus
1147 518 1186 561 U
1217 519 1295 561 hat
1331 519 1522 561 derselbe
1562 520 1629 561 die
1665 519 1759 562 ihm

198 579 375 634 wichtig
419 577 752 619 erscheinenden
789 577 995 619 Lesartcn
1041 592 1117 619 aus
1157 579 1231 619 der
1269 577 1501 620 Keilschen
1531 577 1756 621 Kollation

200 638 442 693 mitgeteilt,
467 636 670 678 wahrend
697 636 775 677 wir
801 636 955 678 andere
982 651 1058 678 aus
1085 636 1182 678 dem
1207 636 1543 679 Heinsiusschen
1563 637 1760 692 Apparat

200 696 431 739 entlehnen
463 701 651 749 mussen3
691 694 919 737 DBOLV
952 695 1062 737 habe
1093 695 1162 737 ich
1195 695 1330 737 selbst
1362 696 1626 752 verglichen,
1666 697 1760 738 eine

198 755 421 797 Kollation
460 769 544 796 von
575 754 609 795 T
647 754 722 795 hat
760 753 909 808 Loers,
947 755 1040 795 eine
1078 768 1161 796 von
1196 754 1431 809 Longolius
1472 755 1760 812 angefertigte

200 815 272 856 des
301 813 332 855 O
359 813 554 855 Binsfeld
587 812 774 855 drucken
801 813 956 864 lassen,
989 813 1019 855 Z
1045 813 1131 855 und
1157 813 1202 855 M
1227 813 1394 855 kennen
1420 815 1499 856 wir
1523 815 1654 856 leider
1678 829 1761 856 nur

199 889 276 916 aus
310 873 404 914 dem
438 872 775 914 Heinsiusschen
809 872 1005 927 Apparat
1037 872 1123 927 (bei
1155 871 1353 929 Merkel).

259 931 347 973 Das
380 931 595 986 Ergebnis
634 931 794 973 meiner
825 930 1161 986 Untersuchung
1199 932 1310 973 habe
1349 932 1418 974 ich
1449 932 1495 974 in
1525 932 1757 988 folgenden

200 991 354 1034 Satzen
386 990 792 1044 zusammengefal'st
823 989 881 1044 (p.
908 991 962 1032 27
986 989 1114 1045 sqq.):

318 1049 556 1104 ‘Originem
583 1049 734 1090 ducere
759 1049 962 1091 videntur
987 1063 1147 1104 omnes,
1172 1050 1245 1104 qui
1271 1050 1443 1104 quidem
1463 1064 1577 1092 nunc
1597 1050 1761 1105 cogniti

200 1110 300 1164 sint,
325 1109 427 1150 libri
453 1123 551 1150 mss.
571 1108 785 1150 fastorum
808 1122 858 1149 ex
883 1123 968 1150 uno
989 1108 1132 1150 codice
1152 1108 1396 1163 archetypo,
1424 1123 1550 1164 quem
1569 1124 1596 1150 α
1616 1109 1761 1152 littera

201 1168 551 1223 significabimus,
584 1181 710 1222 quem
736 1170 877 1208 aetate
904 1167 1039 1209 multo
1065 1167 1312 1209 inferiorem
1338 1182 1466 1222 quam
1492 1168 1635 1222 ipsum
1661 1182 1762 1223 poe-

199 1230 289 1269 tam
326 1227 458 1269 fuisse
497 1241 548 1268 ex
591 1227 738 1268 multis
779 1226 963 1279 mendis,
1008 1240 1117 1281 quae
1154 1227 1346 1268 omnium
1383 1227 1613 1268 conmunia
1650 1231 1762 1282 sunt,

200 1287 354 1341 elucet,
393 1285 466 1327 sed
503 1285 679 1326 eundem
718 1285 889 1327 saeculo
922 1285 1086 1327 decimo
1118 1284 1405 1340 antiquiorem
1437 1300 1487 1327 ex
1519 1285 1678 1328 codicis
1709 1286 1761 1341 A,

200 1346 272 1400 qui
305 1346 396 1387 eius
428 1345 586 1386 saeculi
618 1347 701 1399 est,
741 1344 997 1399 corruptelis
1031 1344 1284 1399 quibusdam
1319 1345 1381 1386 ita
1413 1345 1675 1399 conparatis,
1712 1348 1762 1387 ut

201 1405 314 1446 inter
345 1418 491 1446 veram
523 1403 746 1457 archetypi
777 1404 1052 1457 scripturam,
1090 1417 1197 1458 quae
1229 1403 1273 1444 in
1306 1403 1404 1445 aliis
1435 1403 1558 1445 libris
1590 1404 1762 1460 integra

202 1470 374 1505 servata
394 1466 471 1515 est,
491 1466 534 1503 et
553 1467 799 1516 corruptam
819 1461 976 1504 codicis
992 1462 1030 1503 A
1047 1463 1273 1516 conplures
1294 1463 1580 1517 corruptionis
1601 1463 1760 1518 gradus

202 1522 421 1564 statuendi
455 1522 551 1562 sint.
588 1545 636 1550 -—-
660 1545 719 1549 —
1108 1568 1153 1576 f

319 1580 381 1622 Ut
407 1583 563 1633 autem,
589 1580 727 1634 qualis
755 1580 828 1621 ille
854 1579 985 1622 codex
1011 1595 1039 1620 οε
1057 1574 1191 1621 fuisse
1211 1580 1417 1635 videatur,
1443 1580 1761 1635 adumbremus,

199 1640 284 1682 hoc
309 1654 404 1682 cum
430 1639 739 1694 probabilitate
766 1639 949 1693 quadam
976 1640 1201 1694 statuetur,
1226 1639 1478 1695 priusquam
1505 1643 1762 1694 exararetur,

201 1699 351 1752 fastos,
380 1712 475 1740 cum
502 1698 570 1739 vel
594 1701 837 1752 temporum
864 1697 932 1739 vel
958 1711 1118 1750 eorum,
1145 1697 1217 1751 qui
1242 1699 1436 1753 legerent
1461 1698 1762 1754 scriberentve,

204 1758 361 1799 iniuria
385 1757 586 1799 miserum
616 1757 659 1798 in
685 1757 858 1798 modum
886 1757 1105 1811 depravati
1130 1760 1285 1811 essent,
1318 1757 1481 1812 aliquot
1506 1757 1762 1813 corruptelis

203 1817 386 1871 sanatis,
431 1815 624 1870 pluribus
670 1816 929 1857 oblitteratis
973 1815 1159 1857 hominis
1198 1815 1377 1857 alicuius
1410 1816 1530 1858 docti
1568 1830 1670 1858 cura
1708 1817 1762 1859 ad

201 1881 396 1918 nostram
440 1889 638 1917 normam
682 1889 833 1929 parum
877 1874 1079 1928 religiosa
1122 1875 1168 1916 in
1210 1889 1304 1916 eam
1342 1874 1526 1916 formam
1566 1876 1762 1918 redactos

202 1950 312 1989 esse,
355 1938 404 1976 ut
447 1933 698 1976 conmodius
742 1933 830 1988 legi
872 1936 1066 1988 possent,
1109 1933 1220 1975 unde
1265 1934 1301 1975 si
1344 1934 1438 1988 quis
1480 1934 1611 1975 etiam
1649 1935 1763 1979 hunc

202 1994 362 2036 librum
399 1993 567 2035 saeculo
605 1995 756 2047 quarto
796 1993 860 2034 vel
902 1993 1051 2046 quinto
1083 1993 1151 2034 vel
1184 1995 1304 2034 sexto
1337 1991 1638 2034 ‘emendatum'
1669 2007 1763 2036 esse

203 2053 446 2109 collegerit,
502 2052 584 2093 etsi
638 2051 757 2093 nulla
813 2051 1138 2105 subscriptionis
1194 2051 1380 2106 vestigia
1435 2066 1529 2093 eam
1587 2066 1763 2107 operam

202 2114 429 2165 testantur,
449 2125 515 2152 me
535 2110 703 2165 quidem
724 2124 811 2152 non
830 2110 1009 2152 habebit
1022 2110 1356 2152 dissentientem.
1389 2109 1499 2152 Tum
1513 2125 1613 2152 vero
1629 2111 1763 2154 codex

205 2187 232 2212 α
258 2171 405 2212 multis
439 2170 638 2211 manibus
671 2183 764 2211 esse
794 2171 1005 2211 tractatus
1037 2168 1216 2211 videtur.
1248 2183 1332 2224 qua
1359 2183 1404 2210 re
1431 2183 1527 2211 cum
1553 2170 1763 2224 quaedam

204 2230 337 2272 verba
367 2229 577 2283 paulatim
602 2229 905 2283 detererentur,
937 2228 1164 2282 praecipue
1190 2228 1346 2269 finibus
1373 2242 1587 2284 versuum,
1617 2230 1687 2271 vel
1712 2244 1764 2271 ex

206 2288 398 2331 evanidis
437 2288 678 2329 litterarum
714 2287 830 2329 notis
862 2287 1043 2341 pristina
1076 2289 1288 2342 scriptura
1318 2287 1546 2329 cruebatur
1577 2288 1644 2329 vel
1675 2288 1763 2331 alia

204 2348 254 2389 de
287 2347 529 2389 coniectura
560 2346 808 2388 addebatur.
845 2346 1053 2400 quaedam
1084 2347 1317 2388 varietates
1350 2345 1481 2387 etiam
1513 2360 1589 2400 per
1620 2346 1763 2389 lusum

204 2407 352 2460 ingeni
396 2420 486 2447 esse
531 2406 758 2460 adspersae
802 2405 1020 2458 videntur,
1063 2409 1288 2458 praeterea
1332 2407 1475 2446 autem
1517 2406 1642 2447 multi
1679 2406 1763 2448 loci

205 2465 365 2506 similes
402 2466 621 2519 multaque
659 2464 923 2520 glossemata
961 2464 1030 2505 vel
1067 2465 1112 2505 in
1144 2464 1338 2518 margine
1370 2464 1438 2505 vel
1470 2464 1582 2505 inter
1612 2464 1763 2520 lineas,

205 2538 331 2578 quem
370 2538 533 2565 morem
570 2524 656 2565 iam
691 2523 774 2564 fine
806 2522 982 2564 alterius
1014 2527 1115 2577 post
1146 2521 1245 2564 Chr.
1282 2537 1323 2564 n.
1361 2522 1522 2565 saeculi
1553 2523 1762 2565 usitatum

204 2582 337 2624 fuisse
376 2597 426 2623 ex
464 2582 729 2624 Tertulliano
769 2581 879 2632 (adv.
905 2581 1075 2623 Valent.
1110 2596 1144 2623 c.
1176 2579 1222 2638 8)
1262 2582 1432 2623 scimus.
1498 2580 1581 2623 Hic
1618 2585 1763 2624 autem

206 2642 350 2695 codex,
370 2655 494 2695 quem
516 2641 698 2682 similem
717 2640 849 2682 fuisse
869 2641 1008 2682 iudico
1029 2640 1263 2695 archetypo
1275 2639 1527 2696 Vergiliano
1541 2639 1763 2695 Ribbecki,

208 2714 332 2754 saepe
376 2700 611 2754 exscriptus
653 2702 735 2752 est,
778 2699 903 2754 idque
939 2698 1056 2741 haud
1092 2713 1189 2741 raro
1227 2699 1289 2740 ita
1326 2701 1375 2740 ut
1411 2713 1498 2740 non
1535 2698 1764 2754 diligenter

208 2759 555 2813 distingueretur,
587 2758 688 2813 quid
713 2759 757 2800 in
783 2760 984 2800 contextu
1009 2760 1211 2812 exstaret,
1242 2756 1342 2812 quid
1368 2758 1481 2799 inter
1504 2757 1654 2812 lineas,
1686 2759 1761 2801 sed

208 2832 258 2858 ea
295 2821 706 2871 transsumerentur,
744 2831 853 2871 quae
890 2817 958 2859 vel
995 2831 1118 2858 casus
1149 2817 1216 2858 vel
1248 2816 1444 2858 voluntas
1475 2816 1544 2858 vel
1575 2817 1762 2860 facilitas

207 2875 374 2930 legendi
408 2876 622 2918 offerrent.
654 2890 704 2917 ex
736 2876 814 2917 tali
840 2875 951 2918 libro
978 2890 1030 2918 ex
1055 2877 1145 2918 cod.
1171 2891 1199 2917 α
1224 2874 1417 2929 deducto,
1448 2889 1574 2930 quem
1599 2877 1628 2930 β
1654 2876 1761 2932 dico,
