1820 3126
204 142 289 186 278

826 144 937 180 Ovidi
960 144 1142 180 fastorum

323 250 452 307 Filia,
485 254 689 306 carpento
721 241 885 305 patrios
915 251 1076 293 initura
1106 253 1301 318 penates,

386 311 477 353 ibat
507 325 584 365 per
614 309 777 351 medias
810 310 897 351 alta
927 309 1131 365 feroxque
1163 309 1269 352 vias.

209 373 293 412 605
326 383 479 425 corpus
511 372 559 411 ut
590 369 778 423 aspexit,
809 368 998 411 lacrimis
1031 368 1182 424 auriga
1213 358 1402 423 profusis

383 427 556 470 restitit.
606 426 720 469 hunc
751 427 831 470 tali
863 428 1040 482 corripit
1070 427 1146 469 illa
1176 441 1303 470 sono:

324 486 497 540 ‘Vadis,
531 500 586 528 an
619 488 818 541 expectas
850 486 1036 541 pretium
1066 485 1242 541 pietatis
1274 486 1498 529 amarum?

383 545 482 599 duc,
512 545 707 601 inquam,
738 544 896 587 invitas
927 545 1023 599 ipsa
1052 559 1130 600 per
1161 559 1237 587 ora
1266 544 1424 588 rotasl'

208 667 259 703 61
325 602 454 646 Certa
484 603 590 646 fides
620 603 741 646 facti:

265 668 293 705 O

774 603 911 646 dictus
944 602 1184 646 Sceleratus
1217 604 1270 646 ab
1302 605 1377 646 illa

383 663 520 717 vicus,
551 664 595 704 et
626 664 800 705 aeterna
830 677 899 705 res
931 676 981 705 ea
1013 677 1162 718 pressa
1192 666 1309 705 nota.

324 720 430 763 Post
460 723 605 763 tamen
636 721 718 763 hoc
749 735 853 763 ausa
885 724 950 764 est
981 721 1209 776 templum,
1240 722 1507 764 monimenta
1538 722 1747 779 parentis,

384 782 574 836 tangere.
626 780 737 822 mira
768 780 959 836 quidem,
993 780 1067 823 sed
1098 782 1245 822 tamen
1277 783 1373 822 acta
1404 781 1576 836 loquar:

325 838 498 894 signum
529 841 622 881 erat
651 839 697 881 in
730 838 837 881 solio
869 839 1062 881 residens
1095 839 1173 881 sub
1205 839 1393 895 imagine
1425 839 1558 882 Tulli:

384 897 540 940 dicitur
571 897 653 940 hoc
685 898 819 940 oculis
852 897 1105 953 opposuisse
1137 912 1331 952 manum,

207 960 289 999 615
324 958 367 998 et
398 971 482 999 vox
515 956 661 998 audita
692 959 774 999 est:
807 955 988 998 ‘Vultus
1021 957 1269 999 abscondite
1295 959 1482 1009 nostros,

383 1029 436 1056 ne
467 1017 596 1057 natae
628 1014 803 1057 videant
834 1030 909 1057 ora
939 1015 1128 1057 nefanda
1159 1013 1320 1057 meael'

323 1072 457 1116 Veste
489 1073 592 1116 data
621 1074 796 1129 tegitur.
845 1075 966 1116 vetat
995 1074 1107 1116 hanc
1138 1073 1331 1116 Fortuna
1362 1074 1524 1116 moveri

384 1135 427 1174 et
458 1132 519 1175 sic
551 1148 573 1174 e
604 1133 767 1187 templo
800 1135 866 1175 est
896 1133 992 1188 ipsa
1022 1133 1167 1175 locuta
1199 1147 1295 1175 suo:

325 1190 430 1234 ‘Ore
461 1192 651 1234 revelato
685 1206 769 1247 qua
800 1191 987 1246 primum
1019 1192 1111 1234 luce
1142 1191 1310 1245 patebit

208 1255 293 1294 620

386 1248 576 1305 Servius,
607 1250 713 1292 haec
745 1250 872 1306 positi
907 1249 1046 1305 prima
1078 1250 1252 1305 pudoris
1286 1248 1392 1292 erit.'

326 1309 511 1363 Parcite,
541 1311 783 1360 matronae,
815 1309 973 1351 vetitas
1006 1310 1222 1364 attingere
1254 1310 1395 1350 vestes

385 1368 604 1424 (sollemni
636 1367 743 1410 satis
775 1371 841 1410 est
871 1382 974 1410 voce
1006 1382 1175 1410 movere
1207 1365 1384 1423 preces),

326 1426 466 1482 sitque
498 1429 627 1481 caput
659 1441 826 1482 semper
858 1426 1054 1469 Romano
1086 1429 1226 1468 tectus
1259 1427 1429 1479 amictu,

385 1484 458 1540 qui
488 1500 562 1527 rex
594 1486 638 1527 in
670 1488 819 1527 nostra
850 1485 1056 1540 septimus
1088 1485 1195 1528 urbe
1227 1485 1322 1526 fuit.
1358 1509 1409 1515 —

210 1549 294 1587 625
329 1543 509 1586 Arserat
540 1544 622 1586 hoc
652 1544 875 1598 templum.

926 1545 1050 1599 signo
1081 1546 1228 1585 tamen
1258 1543 1331 1585 ille
1362 1543 1556 1598 pepercit

386 1603 518 1658 ignis:
552 1617 675 1657 opem
707 1606 811 1645 nato
844 1602 1054 1645 Mulciber
1085 1602 1178 1658 ipse
1196 1603 1323 1654 Qlit.

325 1661 524 1716 Namque
556 1664 679 1716 pater
711 1661 828 1703 Tulli
859 1661 1100 1715 Vulcanus,
1132 1660 1306 1703 Ocresia
1338 1663 1477 1702 mater

383 1720 625 1775 praesignis
656 1720 767 1762 facie
794 1718 1081 1763 Corniculana
1109 1720 1203 1764 fuit.

257 1874 337 1908 603.
362 1870 468 1907 Auch
486 1871 567 1906 hier
586 1870 723 1907 bedarf
738 1871 798 1907 die
815 1871 952 1907 Erziih-

209 1919 302 1963 lung
324 1918 386 1954 O.s
406 1918 472 1954 der
490 1919 713 1964 Erganzung
739 1930 805 1954 aus
825 1918 951 1954 Livius

211 1969 258 2011 (e.
272 1969 330 2010 48,
345 1967 399 2010 5):
420 1968 590 2011 carpento
610 1966 651 2000 in
670 1967 791 2009 forum
811 1967 954 2002 invecta

209 2013 369 2058 (Tullia)
388 2023 453 2048 nec
470 2015 626 2048 reverita
641 2016 776 2048 coetum
791 2014 954 2048 virorum

209 2061 370 2096 evocavit
411 2060 531 2095 virum
568 2070 586 2095 e
625 2060 731 2096 curia
772 2071 954 2106 regemque

206 2108 333 2152 prima
367 2107 567 2152 appellavit
575 2121 588 2151 ;
621 2118 645 2142 a
680 2117 749 2152 quo
783 2108 956 2151 facessere

207 2155 313 2190 iussa
336 2156 381 2191 ‘ex
405 2157 508 2190 tanto
533 2154 691 2189 tumultu
724 2165 805 2190 cum
829 2165 864 2189 se
890 2154 951 2189 do-

208 2213 306 2237 mum
355 2202 526 2246 reciperet
568 2201 856 2246 pervenissetque
903 2201 954 2236 ad

206 2259 387 2284 summum
404 2247 581 2294 Cyprium
599 2249 717 2284 vicum
731 2268 788 2292 —,
799 2249 954 2294 flectenti

208 2299 424 2350 carpentum
437 2295 566 2330 dextra
579 2295 621 2330 in
641 2295 793 2331 Urbium
809 2296 952 2338 clivum,

209 2347 250 2378 ut
263 2344 306 2377 in
319 2342 441 2378 collem
453 2342 726 2388 Esquiliarium
740 2343 952 2385 eveheretur,

208 2390 341 2425 restitit
354 2390 518 2435 pavidus
530 2393 636 2434 atque
655 2390 818 2426 inhibuit
828 2390 953 2434 frenos

207 2437 241 2472 is
266 2437 330 2481 qui
361 2438 522 2472 iumenta
554 2436 681 2482 aqebat
712 2437 953 2482 iacentemque

209 2484 378 2519 dominae
398 2482 564 2519 Servium
589 2484 815 2519 trucidatum
840 2488 953 2519 osten-

208 2531 275 2566 dit.
301 2550 347 2556 ——
374 2534 543 2575 penates.-
574 2543 602 2565 z.
634 2530 651 2564 I
682 2533 762 2566 478.
795 2552 838 2556 -
874 2534 952 2567 604.

210 2578 306 2621 alta,
344 2577 463 2612 ‘hoch
507 2577 774 2622 aufgerichtet,
819 2578 953 2621 stolz'3

208 2624 346 2660 ebenso
372 2626 460 2660 met.
486 2623 538 2659 VI
565 2629 643 2660 169.

257 2675 336 2707 606.
358 2672 528 2716 corripit:
548 2683 577 2707 z.
596 2671 613 2706 Ι
636 2674 770 2708 625.-
787 2675 866 2707 607.
882 2671 954 2707 Va-

209 2719 280 2762 dis,
293 2729 344 2753 an
359 2717 431 2752 -ἓ
445 2719 621 2754 drohend.
633 2739 677 2744 —
692 2723 771 2754 609.
782 2719 953 2764 Vgl.Liv.

208 2764 225 2798 I
258 2769 322 2808 48,
351 2769 388 2800 7:
423 2769 718 2811 monumentoque
751 2767 851 2801 locus
884 2769 956 2800 est.-

214 2811 434 2847 Sceleratum
458 2813 577 2848 vicum
602 2816 742 2848 vocant.
785 2812 832 2848 So
858 2811 954 2847 hiess

211 2857 278 2892 der
320 2858 474 2894 heahste
509 2859 590 2894 Teil
634 2860 698 2896 des
729 2859 844 2895 Vicus
888 2857 954 2904 Cy-

212 2904 327 2950 prius,
347 2904 449 2940 einer
467 2908 576 2941 unter
593 2907 665 2942 den
679 2906 839 2942 Carinen
858 2907 954 2941 nach

1024 1871 1108 1906 dem
1135 1870 1351 1906 Colosseum
1377 1870 1457 1905 sich
1493 1870 1772 1908 hinziehenden

1026 1917 1177 1954 strasse.
1193 1939 1237 1943 —
1259 1922 1337 1954 613.
1364 1919 1431 1954 sub
1455 1918 1615 1963 imayine
1637 1917 1676 1954 T.
1697 1918 1771 1955 den

1025 1966 1067 2001 Τ.
1095 1964 1340 2009 darstellend,
1366 1965 1442 2010 vgl.
1467 1966 1555 2001 met.
1575 1965 1662 2001 XIV
1682 1970 1769 2002 759:

1026 2013 1194 2048 dominae
1231 2013 1297 2048 sub
1335 2013 1494 2059 imayine
1524 2012 1687 2059 siynum,
1718 2013 1771 2049 IX

1026 2062 1107 2095 480.
1141 2058 1226 2093 XIII
1251 2063 1330 2095 713.

1076 2109 1154 2142 616.
1181 2107 1343 2149 videant,
1369 2105 1450 2151 Obj.
1476 2106 1599 2142 vultus
1617 2109 1770 2143 nostros.

1027 2174 1069 2179 —
1110 2156 1190 2188 620.
1228 2154 1344 2198 positi
1372 2153 1528 2198 pudoris
1564 2170 1608 2183 =
1641 2153 1769 2199 depos.

1025 2200 1229 2245 pudicitiae
1267 2201 1374 2236 Rom.
1434 2199 1476 2236 Ο.
1511 2200 1654 2246 spricht
1689 2201 1770 2237 also

1029 2247 1110 2282 hier
1134 2259 1209 2283 von
1234 2247 1299 2282 der
1324 2247 1506 2293 pudicitia
1530 2249 1586 2283 als
1607 2248 1705 2284 noch
1728 2246 1770 2284 in

1024 2294 1121 2329 Rom
1146 2294 1374 2338 vorhanden,
1400 2294 1577 2330 wahrend
1602 2294 1669 2330 der
1694 2294 1769 2331 Sit—

1024 2341 1223 2377 tenverfall
1256 2342 1400 2377 damals
1438 2341 1477 2376 in
1501 2340 1773 2377 Wirkliehkeit

1025 2388 1141 2424 sehon
1152 2388 1289 2433 erfolgt
1297 2400 1388 2432 war;
1405 2399 1432 2425 s.
1442 2388 1583 2424 Preller
1593 2389 1609 2423 I
1621 2389 1655 2426 S.
1666 2392 1736 2425 264
1743 2389 1770 2424 f.

1076 2439 1155 2471 621.
1174 2437 1336 2481 parcite:
1356 2447 1383 2471 s.
1405 2448 1434 2472 z.
1454 2435 1507 2471 IV
1527 2438 1606 2472 102.
1623 2456 1668 2461 —-
1688 2439 1769 2472 622.

1025 2494 1115 2519 mov.
1144 2493 1286 2528 preces,
1320 2482 1426 2518 nicht
1457 2486 1576 2519 vestes.
1610 2502 1654 2509 -
1688 2487 1769 2519 623.

1028 2530 1132 2565 Rom.
1165 2531 1319 2572 amictu,
1356 2530 1426 2565 mit
1460 2530 1526 2564 der
1561 2530 1769 2566 rfimischen

1027 2576 1148 2622 Toga,
1181 2589 1208 2614 s.
1234 2590 1263 2612 z.
1291 2580 1370 2612 569.
1397 2597 1441 2602 —
1475 2580 1554 2612 624.
1580 2577 1769 2623 septimus.-

1028 2624 1134 2659 Titus
1146 2623 1286 2663 Tatius,
1306 2624 1372 2659 der
1390 2622 1593 2669 Mitregent
1610 2623 1677 2659 des
1695 2622 1770 2659 Ro-

1027 2670 1166 2716 mulus,
1198 2669 1293 2706 wird
1317 2681 1391 2706 von
1416 2670 1459 2706 O.
1483 2669 1524 2705 in
1554 2670 1619 2705 der
1650 2669 1768 2706 Reihe

1028 2718 1093 2754 der
1104 2718 1313 2753 remisohen
1325 2716 1470 2762 Kbnige
1482 2716 1769 2762 mitgereohnet.

1076 2769 1155 2801 626.
1176 2765 1379 2800 Mulciber:
1398 2777 1426 2799 z.
1446 2764 1463 2798 Ι
1482 2767 1560 2799 554.
1581 2764 1688 2800 Naeh
1703 2775 1768 2800 an-

1027 2813 1141 2848 deren
1176 2822 1253 2848 war
1284 2811 1350 2846 der
1381 2810 1496 2850 Vater
1532 2811 1598 2846 der
1630 2811 1768 2847 Genius
1804 2822 1814 2830 ’·

1028 2859 1093 2895 der
1122 2859 1389 2902 Herdflamme,
1422 2857 1486 2893 der
1520 2858 1693 2894 Hauslar.
1720 2878 1769 2886 ·--

1028 2909 1106 2942 628.
1158 2905 1409 2950 Corniculum,
1451 2905 1527 2941 alte
1570 2904 1769 2941 latinische
