1820 3126
739 98 791 134 VI
817 101 1015 134 504-561.

1576 97 1664 140 275

219 209 394 264 hospita
425 206 666 250 Carmentis
696 207 807 250 fidos
838 207 1023 249 intrasse
1052 207 1230 262 penates

101 274 190 312 530

280 268 433 311 diceris
465 269 508 309 et
538 268 713 323 longam
746 266 995 321 deposuisse
1025 264 1196 307 famem.

219 327 311 369 liba
342 341 420 368 sua
449 329 683 381 properata
713 340 844 368 manu
875 324 1073 380 Tegeaea
1104 324 1300 367 sacerdos

164 434 171 442 λ
280 386 467 427 traditur
496 385 542 427 in
574 385 718 427 subito
751 386 875 427 cocta
905 383 1073 426 dedisse
1105 383 1213 426 foco.

220 444 348 487 Nunc
380 458 551 499 quoque
582 444 673 486 liba
703 443 855 486 iuvant
883 443 1007 486 festis
1038 442 1295 486 Matralibus
1326 442 1466 485 illam:

279 503 441 545 rustica
475 503 682 545 sedulitas
715 503 880 558 gratior
911 504 1003 544 arte
1034 501 1127 546 fuit.

102 568 186 606 535
220 561 401 617 ‘Nunc',
434 562 496 604 ait
526 562 573 604 ‘o
607 560 760 615 vates',
792 561 1008 604 venientia
1039 561 1132 603 fata
1161 561 1351 617 resigna,

280 636 363 677 qua
393 621 507 664 licet.
556 621 759 676 hospitiis
790 621 890 675 hoc,
921 634 1091 676 precor,
1123 619 1229 662 adde
1260 618 1402 662 meis'.

220 680 360 723 Parva
391 695 513 723 mora
545 683 627 722 est:
660 681 827 723 caelum
857 683 980 723 vates
1012 693 1062 722 ac
1092 679 1271 721 numina
1302 678 1436 723 sumit

279 740 412 795 fitque
445 739 511 781 sui
542 742 638 782 toto
668 741 842 794 pectore
871 739 1000 794 plena
1031 738 1109 780 dei.

219 798 289 840 vix
320 798 441 840 illam
473 798 618 841 subito
649 812 799 854 posses
832 811 1110 854 cognoscere:
1141 798 1264 839 tanto

102 862 189 900 540

280 858 470 900 sanctior
502 860 546 900 et
577 860 719 912 tanto,
751 871 879 913 quam
912 856 1060 911 modo,
1091 858 1229 898 maior
1261 858 1365 898 erat.

221 915 376 959 ‘Laeta
407 931 571 959 canam.
621 916 777 972 gaude,
809 916 1012 958 defuncta
1042 915 1264 957 laboribus
1295 913 1411 969 Ino’,

280 975 389 1017 dixit
420 974 486 1017 ‘et
516 975 616 1017 huic
646 976 807 1031 populo
838 988 1046 1030 prospera
1078 987 1248 1029 semper
1278 974 1396 1016 ades!

220 1048 379 1076 numen
412 1035 495 1076 eris
527 1035 687 1090 pelagi,
716 1034 873 1076 ‘natum
907 1048 1076 1090 quoque
1107 1035 1267 1088 pontus
1298 1032 1488 1075 habebit.

280 1093 325 1135 in
355 1094 512 1136 vestris
545 1093 661 1135 aliud
695 1093 851 1135 sumite
882 1107 1040 1135 nomen
1074 1092 1209 1147 aquis.

102 1156 187 1195 545
221 1151 465 1195 Leucothea
498 1151 643 1207 Grais,
673 1151 845 1194 Matuta
876 1152 1084 1194 vocabere
1115 1151 1294 1207 nostris;

279 1212 324 1252 in
354 1213 507 1266 portus
538 1213 643 1253 nato
675 1211 742 1253 ius
775 1211 857 1253 erit
888 1225 1014 1253 omne
1045 1213 1140 1264 tuo,

221 1284 348 1325 quem
379 1285 458 1312 nos
491 1270 748 1326 Portunum,
780 1285 858 1312 sua
889 1270 1041 1326 lingua
1071 1267 1337 1311 Palaemona
1369 1269 1493 1311 dicet.

280 1330 359 1383 ite,
390 1343 559 1385 precor,
590 1330 752 1372 nostris
785 1343 944 1384 aequus
976 1331 1155 1383 uterque
1186 1327 1334 1370 locisl’

222 1387 466 1443 Adnuerat,
497 1389 712 1443 promissa
742 1388 860 1430 fides.
910 1402 1094 1442 posuere
1125 1387 1316 1442 labores,

105 1451 206 1490 550*

281 1447 459 1489 nomina
489 1450 723 1490 mutarunt.
773 1447 843 1489 hic
876 1447 997 1502 deus,
1028 1447 1104 1488 illa
1135 1446 1215 1488 dea
1247 1449 1325 1488 est.
1360 1469 1410 1476 -

222 1504 310 1549 Cur
340 1509 458 1548 vetet
489 1506 670 1550 ancillas
703 1506 922 1560 accedere,
954 1505 1193 1561 quaeritis?
1243 1505 1366 1561 Odit,

284 1565 629 1621 principiumque
661 1565 767 1621 odii,
797 1565 835 1607 si
867 1565 982 1608 sinat
1013 1565 1107 1619 illa,
1139 1579 1305 1606 canam,

226 1623 326 1666 Una
357 1625 654 1667 ministrarum
686 1624 814 1667 solita
847 1627 930 1678 est,
962 1623 1158 1677 Cadmei,
1189 1627 1362 1666 tuarum

284 1698 410 1739 saepe
442 1684 522 1726 sub
556 1684 778 1739 amplexus
810 1683 1006 1738 coniugis
1038 1683 1102 1725 ire
1134 1683 1209 1724 tui.

105 1746 189 1785 555
223 1741 448 1797 improbus
483 1743 595 1785 hanc
626 1743 838 1785 Athamas
870 1737 1019 1784 furtim
1051 1741 1220 1796 dilexit,
1252 1741 1306 1783 ab
1339 1741 1415 1783 illa

284 1801 496 1857 comperit
528 1801 731 1857 agricolis
764 1801 930 1844 semina
961 1803 1078 1843 tosta
1110 1799 1216 1843 dari.

225 1859 342 1915 (ipsa
374 1860 546 1915 quidem
577 1860 730 1903 fecisse
759 1863 910 1916 negat,
943 1859 1017 1902 sed
1048 1859 1164 1902 fama
1195 1857 1385 1915 recepit.)

283 1919 365 1962 hoc
396 1922 479 1972 est,
511 1933 586 1961 cur
617 1920 716 1962 odio
749 1920 806 1961 sit
835 1919 918 1961 tibi
949 1934 1073 1962 serva
1105 1933 1270 1961 manus.

222 1977 323 2022 Non
355 1981 503 2020 tamen
534 1978 646 2021 hanc
676 1993 757 2035 pro
791 1978 924 2033 stirpe
956 1992 1034 2020 sua
1064 1978 1138 2033 pia
1169 1980 1308 2020 mater
1339 1977 1507 2019 adoret:

106 2042 193 2080 560

283 2037 380 2093 ipsa
411 2052 566 2092 parum
597 2038 700 2080 felix
731 2037 826 2080 visa
855 2037 991 2080 fuisse
1022 2051 1189 2092 parens,

226 2097 404 2139 alterius
435 2097 601 2151 prolem
632 2098 788 2139 melius
819 2096 1084 2139 mandabitis
1115 2097 1199 2138 illi:

106 2212 199 2248 Aen.
219 2211 270 2247 Ν
293 2215 371 2247 173.
386 2233 431 2237 —
451 2216 530 2248 529.
551 2204 651 2248 Uber
670 2213 730 2248 die
744 2212 849 2248 weis-

108 2259 272 2304 sagende
299 2259 438 2294 Mutter
463 2259 527 2294 des
553 2260 738 2304 Euander,
764 2258 851 2295 Car-

106 2306 243 2342 mentis
275 2305 364 2341 oder
396 2305 598 2342 Carmenta
628 2318 654 2343 s.
682 2307 698 2341 Ι
723 2310 792 2343 461
814 2306 850 2342 ff.

107 2364 143 2388 u.
170 2354 279 2388 Anm.
306 2373 351 2379 —-
374 2357 540 2398 penates.-
565 2366 594 2388 z.
620 2353 638 2388 Ι
663 2357 743 2390 478.

155 2402 236 2436 531.
269 2399 354 2445 Vgl.
381 2400 500 2436 Varro
531 2400 565 2437 d.
598 2400 622 2435 l.
653 2400 678 2436 1.
706 2401 739 2437 V
766 2405 851 2437 106:

109 2447 245 2483 Libwm
258 2447 355 2493 quod
375 2451 417 2483 ut
435 2448 624 2492 libaretur,
632 2448 853 2493 priusquam

109 2498 255 2539 essetur,
263 2498 343 2530 erat
353 2498 501 2531 coctum.
526 2496 747 2540 testuatium,
758 2496 854 2540 quod

108 2543 152 2578 in
176 2545 270 2578 testu
294 2543 399 2577 caldo
424 2543 655 2588 coquebatur,
679 2546 722 2578 ut
746 2543 853 2578 etiam

109 2600 210 2625 nunc
231 2590 460 2625 Matralibus
484 2590 526 2625 id
549 2590 698 2634 faciunt
720 2592 853 2626 matro-

109 2647 190 2672 nae.
205 2657 248 2662 —
264 2640 466 2682 properata
481 2636 586 2682 ‘eilig
605 2636 797 2673 bereitet’.
809 2657 854 2662 —

114 2683 275 2729 Tegeaea
292 2694 384 2720 saa:
409 2696 438 2720 z.
459 2684 476 2718 I
496 2687 576 2720 545.
592 2704 636 2710 —-
655 2687 735 2719 532.
755 2684 855 2719 subi-

110 2734 170 2766 tus
193 2731 298 2775 focus
322 2730 373 2766 ist
397 2732 458 2767 ein
477 2731 619 2767 schnell
646 2731 856 2776 gefeuerter

110 2777 229 2822 Herd;
255 2778 330 2822 vgl.
358 2778 410 2813 III
437 2782 516 2814 723.

161 2827 242 2860 537.
269 2837 297 2860 s.
323 2824 340 2859 Ι
366 2829 434 2861 473
456 2838 491 2862 u.
512 2827 622 2861 Anm.
648 2838 683 2861 11.
704 2825 799 2860 oben
825 2837 855 2861 z.

112 2883 148 2907 v.
174 2874 206 2907 5.
239 2891 283 2898 —
321 2875 400 2908 538.
433 2872 517 2918 Vgl.
553 2872 731 2908 Schillers
763 2871 856 2908 Kra-

922 2212 1033 2247 niche
1064 2212 1129 2247 des
1160 2211 1299 2257 Ibykus
1332 2222 1418 2246 vom
1453 2210 1667 2255 gottbegei-

925 2261 1066 2295 stetten
1085 2258 1256 2294 Dichter:
1286 2258 1351 2294 ‘So
1372 2257 1540 2294 wandert
1558 2268 1599 2293 er
1619 2268 1668 2294 an

923 2306 1101 2342 leichtem
1137 2305 1250 2341 Stabe
1283 2316 1351 2340 aus
1382 2304 1568 2351 Rhegium
1601 2305 1667 2341 des

925 2354 1056 2389 Gottes
1088 2353 1194 2389 voll'.
1222 2373 1265 2378 —-
1299 2355 1379 2388 539.
1405 2362 1548 2397 posses.-
1578 2364 1607 2388 ι.
1634 2351 1670 2387 ΙΙ

926 2403 1137 2437 391,-544.
1170 2400 1212 2435 iu
1236 2401 1385 2436 vestris.-
1415 2400 1454 2434 in
1479 2399 1566 2435 dem
1588 2412 1668 2436 nun

927 2448 1021 2483 euch
1046 2445 1264 2493 geherigen.

974 2497 1053 2531 549.
1080 2494 1273 2538 adnuerat,
1295 2494 1373 2530 Ino.
1393 2514 1437 2520 —
1462 2495 1571 2539 fides.-
1595 2507 1625 2531 z.
1650 2494 1669 2530 I

973 2591 1192 2624 551-562,
1235 2588 1389 2624 Warum
1426 2589 1563 2634 Magde
1600 2587 1670 2624 das

927 2635 1134 2681 Heiligtum
1161 2635 1227 2670 der
1252 2635 1373 2671 Mater
1391 2635 1538 2672 Matuta
1563 2635 1670 2671 nicht

927 2683 1099 2718 betreten
1124 2682 1285 2719 durften.

977 2734 1057 2766 551.
1092 2731 1272 2775 accedere.-
1304 2730 1352 2765 ad
1381 2729 1566 2776 templum
1591 2731 1670 2767 Ma-

928 2778 1046 2812 tutae.
1059 2798 1106 2804 -—
1125 2778 1214 2822 odit,
1230 2778 1304 2813 Ino.
1318 2797 1366 2803 —
1379 2780 1459 2814 556.
1473 2790 1502 2814 z.
1516 2778 1568 2813 111
1586 2782 1674 2814 851.

977 2828 1056 2860 559.
1071 2825 1141 2871 pia
1153 2828 1268 2860 mater
1281 2824 1317 2860 d.
1331 2825 1367 2861 h.
1382 2823 1464 2861 eine
1478 2824 1538 2862 die
1553 2825 1668 2871 stirps

929 2872 1100 2908 liebende
1127 2872 1277 2908 Mutter.

1319 2931 1390 2967 18*
