1820 3126
709 110 744 147 V
767 115 968 148 437—485.

1535 114 1619 157 237

179 220 270 263 ‘En
301 234 382 276 ego
413 219 638 262 dimidium
670 220 802 262 vestri
832 234 1018 275 parsque
1050 221 1187 262 altera
1217 222 1326 275 voti,

61 285 149 324 460

239 279 418 334 cernite,
450 279 534 320 sim
565 279 723 334 qualis,
754 279 829 335 qui
860 278 988 322 modo
1021 279 1162 334 qualis
1193 281 1329 322 eram!

181 338 255 405 qui
284 338 430 393 modo,
462 338 498 379 si
530 338 723 380 volucres
754 338 1002 380 habuissem
1032 351 1166 394 regna
1196 338 1415 395 iubentes,

238 397 286 439 in
316 397 476 452 populo
507 397 630 451 potui
660 397 874 439 maximus
905 411 1000 439 esse
1031 411 1147 452 meo,

181 470 296 498 nunc
328 470 422 498 sum
455 456 604 510 elapsa
634 456 730 510 rogi
762 456 950 498 flammis
981 459 1025 498 et
1054 456 1198 499 inanis
1228 457 1392 512 imago!

240 515 346 557 haec
377 518 444 557 est
475 529 527 556 ex
556 514 632 557 illo
662 514 805 557 forma
835 515 990 557 relicta
1020 515 1174 558 Remo!

64 580 149 617 465
182 574 265 616 heu
287 567 371 616 ‘ubi
402 572 520 615 Mars
552 576 677 628 pater
708 574 802 615 est?
834 573 872 615 si
902 588 980 616 vos
1011 574 1139 616 modo
1171 588 1273 616 vera
1304 575 1456 630 locuti,

247 633 466 687 uberaque
497 632 706 687 expositis
738 633 811 674 ille
845 633 982 674 ferina
1013 632 1140 675 dedit.

183 705 309 747 quem
341 691 445 746 lupa
476 691 684 745 servavit,
715 706 867 733 manus
899 691 1013 733 hunc
1042 692 1276 734 temeraria
1307 692 1411 734 civis

244 750 442 806 perdidit.
492 764 517 792 o
549 752 713 805 quanto
745 750 893 792 mitior
922 750 998 792 illa
1028 750 1132 792 fuit!

185 823 310 851 saeve
343 807 485 863 Celer,
517 809 732 851 crudelem
763 809 951 851 animam
983 823 1060 863 per
1091 809 1269 850 vulnera
1299 810 1471 864 reddas,

69 874 153 912 470

243 873 375 923 utque
406 881 506 923 ego,
538 868 618 910 sub
648 870 786 909 terras
818 867 1178 923 sanguinulentus
1211 869 1302 910 eas!

184 927 326 970 noluit
356 926 439 969 hoe
469 926 623 968 frater:
655 926 794 981 pietas
826 926 1020 981 aequalis
1052 926 1098 968 in
1129 926 1207 968 illo
1240 930 1316 969 est.

244 985 358 1041 quod
388 986 548 1040 potuit,
580 985 781 1027 lacrimas
812 986 1014 1028 manibus
1046 985 1118 1027 ille
1151 985 1280 1027 dedit.

185 1045 299 1087 hunc
330 1059 406 1086 vos
437 1058 514 1099 per
544 1044 762 1098 lacrimas,
794 1058 872 1100 per
902 1047 1048 1086 vestra
1079 1044 1286 1087 alimenta
1316 1047 1486 1100 rogate,

244 1107 294 1145 ut
325 1103 538 1145 celebrem
570 1106 721 1145 nostro
755 1104 897 1159 signet
926 1103 1092 1145 honore
1123 1102 1271 1146 diem'.

68 1168 152 1206 475
186 1162 464 1204 Mandantem
496 1162 700 1218 amplecti
731 1162 911 1218 cupiunt
941 1166 984 1203 et
1015 1162 1217 1204 bracchia
1248 1163 1449 1205 tendunt:

246 1221 416 1263 lubrica
446 1223 701 1276 prensantes
733 1221 886 1276 effugit
916 1221 1069 1262 umbra
1099 1235 1267 1264 manus,

186 1279 247 1323 Ut
278 1294 423 1322 secum
454 1280 627 1335 fugiens
660 1294 836 1322 somnos
868 1279 1049 1322 abduxit
1079 1280 1245 1336 imago,

248 1339 301 1381 ad
332 1352 479 1394 regem
509 1353 636 1381 voces
666 1338 818 1381 fratris
848 1341 1028 1394 uterque
1058 1338 1216 1382 ferunt.

188 1398 398 1441 Romulus
432 1397 685 1453 obsequitur
715 1398 939 1453 lucemque
970 1397 1176 1440 Remuria
1206 1398 1311 1440 dicit

71 1462 159 1500 480

248 1457 387 1507 illam,
419 1471 503 1511 qua
533 1456 689 1511 positis
720 1457 836 1499 iusta
866 1456 1065 1499 feruntur
1096 1457 1202 1499 avis.

190 1530 344 1571 aspera
375 1518 545 1558 mutata
576 1519 643 1558 est
672 1516 719 1557 in
750 1516 891 1557 lenem
922 1519 1118 1571 tempore
1150 1516 1284 1571 longo

213 1586 219 1588 s
247 1575 414 1629 littera,
444 1589 552 1630 quae
584 1577 679 1617 toto
711 1575 888 1617 nomine
919 1575 1061 1628 prima
1090 1573 1187 1617 fuit.

192 1648 294 1676 mox
324 1634 454 1675 etiam
485 1634 669 1675 lemures
702 1634 869 1676 animas
902 1633 1045 1676 dixere
1078 1633 1305 1676 silentum:

248 1692 320 1734 hic
351 1706 503 1734 sensus
535 1693 674 1744 verbi,
706 1692 772 1734 vis
804 1707 856 1735 ea
887 1692 1005 1734 vocis
1038 1695 1144 1734 erat.

73 1757 159 1795 485
191 1750 312 1794 Fana
342 1754 490 1793 tamen
521 1754 687 1793 veteres
717 1751 806 1793 illis
838 1751 1030 1793 clausere
1063 1751 1233 1805 diebus,

73 1895 157 1927 459.
183 1890 330 1926 Ebenso
355 1889 506 1926 werden
530 1892 618 1926 met.
637 1889 725 1926 VIII
750 1893 821 1925 498

77 1938 139 1974 (118
159 1938 311 1981 Kinder,
337 1937 386 1973 (18
405 1937 484 1973 81811
510 1937 576 1972 auf
600 1937 652 1973 818
672 1937 734 1972 die
753 1937 822 1973 Ge-

77 1986 164 2022 bete
190 1986 257 2021 der
282 1983 413 2020 Eltern
437 1983 626 2028 beziehen,
648 1986 717 2030 pia
740 1988 826 2021 vota

71 2036 270 2079 parentum
283 2033 459 2077 genennt.
473 2053 511 2057 -—
527 2035 607 2067 460.
615 2031 702 2078 vgl.
713 2032 824 2077 Verg.

77 2081 169 2116 Aen.
195 2079 229 2114 H
253 2083 324 2116 274
341 2079 368 2115 f.

125 2149 207 2180 461.
238 2156 266 2180 Β.
295 2144 348 2179 IV
374 2147 443 2179 815
463 2143 500 2179 ff.
536 2142 617 2179 Liv.
647 2143 663 2177 I
697 2147 759 2188 12,
785 2147 833 2179 42·

77 2191 259 2227 Romulus
284 2211 328 2216 —
356 2190 554 2235 ‘lappam
577 2190 676 2226 tuis’
704 2191 826 2236 inquit

81 2239 220 2274 ‘iussus
244 2239 374 2274 avibus
394 2238 455 2273 hic
473 2239 515 2272 in
536 2238 686 2274 Palatio
701 2240 827 2284 prima

79 2286 166 2322 urbi
180 2285 433 2329 fundamenta
456 2284 554 2320 ieci’.
575 2305 620 2311 —
639 2289 720 2321 465.
740 2296 827 2321 vera

80 2334 145 2369 loo.
171 2343 220 2368 88.
248 2332 294 2367 (18
319 2332 436 2377 patre.

127 2401 208 2432 466.
249 2409 278 2432 8.
309 2396 343 2431 II
376 2400 445 2431 413
465 2395 501 2430 ff.
540 2395 593 2430 III
624 2400 681 2432 53.
730 2397 830 2432 dedit

83 2444 222 2491 ‘geben
242 2443 358 2479 liess’.
378 2463 423 2469 —-
449 2446 530 2478 467.
556 2443 659 2488 civis,
679 2443 828 2479 Celeris.

83 2503 112 2527 s.
144 2490 197 2526 IV
222 2495 290 2527 837
311 2490 349 2526 ff.
382 2511 425 2516 —
464 2494 546 2525 469.
578 2501 648 2535 per
677 2491 832 2526 vulnera

82 2539 117 2575 d.
143 2539 180 2574 h.
215 2538 282 2573 auf
309 2537 552 2583 gewaltsame
577 2536 721 2581 Weise3
754 2537 830 2583 vgl

82 2587 171 2621 met.
199 2585 250 2620 VI
275 2588 356 2620 617.
385 2605 425 2610 -
459 2587 542 2620 470.
567 2585 831 2630 sanquinulen-

82 2635 162 2668 tus:
187 2644 215 2668 8.
240 2631 293 2667 IV
318 2635 399 2668 844.

130 2694 213 2728 471.
238 2691 320 2727 hoc.-
344 2690 416 2726 den
436 2690 517 2726 'rod
536 2690 601 2726 des
621 2690 828 2726 Remus.—

78 2738 202 2791 pietas
226 2737 496 2783 (Bruderliebe)
523 2738 702 2784 aequalis,
726 2741 832 2773 nam-

85 2783 163 2820 lich
200 2786 267 2821 der
303 2785 367 2821 des
400 2785 556 2821 Remus.
595 2795 703 2820 wenn
736 2786 833 2821 811811

0 2829 21 2873 J
85 2831 267 2867 Romulus
293 2832 364 2868 den
384 2831 491 2868 Celer
515 2831 576 2867 ffir
600 2831 661 2867 die
686 2832 831 2868 Ermor-

86 2879 190 2925 dung
202 2879 267 2915 des
280 2879 441 2915 Bruders
454 2879 561 2915 nicht
572 2880 678 2916 t5ten
692 2879 832 2924 wollte,

896 1902 937 1926 so
968 1890 1104 1926 besitzt
1134 1901 1174 1926 er
1204 1890 1302 1926 doch
1333 1890 1498 1926 dieselbe
1529 1890 1644 1926 Liebe

896 1950 940 1973 zu
971 1936 1043 1972 mir
1080 1937 1150 1973 wie
1181 1937 1244 1973 ich
1281 1948 1326 1972 zu
1356 1938 1445 1973 ihm.
1478 1958 1523 1964 --
1562 1941 1643 1973 472.

895 1985 992 2031 quod
1010 1985 1137 2030 potuit
1161 1995 1211 2021 88.
1238 1985 1339 2021 dare.
1373 1984 1458 2030 Vgl.
1486 1986 1572 2020 met.
1593 1984 1645 2021 IV

897 2035 983 2068 683:
1009 2032 1189 2077 Lumina,
1213 2033 1310 2077 quod
1322 2033 1461 2077 potuit,
1480 2033 1644 2069 lam-imis

896 2079 1060 2125 implevit
1095 2080 1242 2115 obortis.
1276 2099 1320 2105 —
1355 2083 1436 2115 473.
1471 2090 1539 2125 per
1575 2080 1643 2116 ali-

897 2129 1036 2170 menta,
1060 2127 1122 2162 bei
1148 2126 1220 2162 den
1244 2126 1393 2171 Mfihen,
1419 2126 1561 2162 welche
1586 2126 1648 2162 ihr

897 2173 965 2208 auf
994 2173 1053 2209 die
1078 2172 1290 2219 Erziehung
1322 2174 1516 2209 verwandt
1538 2173 1643 2209 habt.

896 2242 944 2247 —
980 2224 1062 2257 474.
1100 2221 1290 2265 celebrem,
1326 2219 1554 2266 pr’adikativ.
1603 2241 1645 2246 -

899 2271 980 2303 475.
1003 2268 1151 2303 Ebenso
1170 2267 1348 2303 versucht
1367 2267 1554 2311 Odysseus
1574 2267 1648 2303 (1811

900 2315 1082 2350 Schatten
1096 2314 1218 2350 seiner
1230 2314 1372 2350 Mutter
1384 2327 1428 2349 zu
1438 2314 1644 2350 umfassen.

898 2362 977 2407 τρὶς
1003 2360 1046 2396 δέ
1062 2375 1135 2418 μοι
1160 2357 1202 2396 ἐκ
1228 2362 1363 2406 χειρῶν
1388 2361 1473 2408 σκιῇ
1501 2362 1648 2397 εἴκελον

901 2405 924 2453 ἢ
957 2409 1022 2444 καὶ
1055 2405 1188 2456 ὀνείρῳ
1221 2408 1359 2444 ἔπτατο
1389 2398 1474 2451 (011.
1498 2412 1518 2444 λ
1544 2411 1650 2455 207);

902 2455 1049 2491 danach
1091 2444 1178 2490 met'.
1211 2455 1246 2490 X
1277 2459 1334 2492 58.
1376 2455 1489 2501 Verg.
1519 2466 1647 2502 georg.

951 2553 1031 2585 480.
1050 2550 1239 2595 positis=
1253 2560 1372 2595 comp.
1397 2562 1430 2585 v
1445 2553 1526 2585 426.
1560 2550 1597 2587 S.
1618 2563 1650 2585 z.

902 2596 956 2631 ΙΙΙ
980 2601 1062 2632 547.
1088 2616 1132 2622 —
1158 2600 1239 2632 481.
1265 2597 1340 2632 Der
1335 2561 1559 2642 pUbergang
1583 2596 1650 2632 des

904 2656 925 2680 r
949 2645 987 2688 (l.
1008 2645 1151 2689 aspera)
1175 2643 1215 2678 in
1234 2644 1248 2679 1
1265 2644 1412 2679 kommt
1429 2645 1527 2680 811811
1546 2645 1652 2679 sonet

903 2691 1101 2726 innerhalb
1134 2691 1199 2726 des
1236 2691 1381 2726 §.lteren
1411 2690 1544 2727 Latein
1573 2701 1652 2736 vor,

904 2738 980 2783 vgl.
998 2750 1027 2774 z.
1042 2738 1082 2772 Β.
1099 2737 1338 2774 Grustumina
1356 2749 1391 2772 u.
1407 2738 1654 2782 Clustumina,

905 2786 1054 2821 Parilia
1078 2785 1155 2820 und
1176 2785 1333 2828 Palilia,
1357 2785 1418 2820 die
1442 2784 1651 2830 Endungen

905 2834 984 2868 aris
1007 2845 1043 2868 u.
1066 2833 1148 2868 alis.
1173 2853 1221 2858 —
1246 2836 1327 2868 483.
1352 2833 1540 2868 silentum:
1565 2844 1596 2869 z.
1617 2831 1652 2867 11

906 2883 986 2915 571.
1013 2900 1058 2905 —
1084 2883 1165 2915 485.
1193 2891 1221 2915 8.
1246 2879 1281 2914 ΙΙ
1306 2883 1386 2915 563.
