1812 3120
137 90 225 133 200
760 86 872 124 Ovidi
895 87 1079 123 fastorum

260 213 333 241 cur
363 198 498 253 igitur
530 197 686 239 missae
717 195 874 237 vinctis
906 194 1101 236 ardentia
1133 195 1269 237 taedis

318 260 440 312 terga
471 257 611 298 ferant
641 254 811 309 vulpes,
843 268 973 295 causa
1005 253 1197 295 docenda
1228 253 1336 295 mihi
1368 258 1444 296 est.

259 316 435 371 Frigida
467 314 684 358 Carseolis
715 328 794 355 nec
826 312 953 354 olivis
986 314 1089 367 apta
1119 311 1305 354 ferendis

317 377 451 429 terra,
484 373 556 415 sed
589 372 643 414 ad
675 375 842 428 segetes
875 371 1128 426 ingeniosus
1161 384 1274 426 ager.

144 439 227 477 685
260 434 342 475 hac
374 447 454 488 ego
486 431 736 486 Paelignos,
768 430 932 473 natalia
964 445 1080 485 rura,
1111 431 1330 485 petebam,

319 507 453 546 parva
486 490 560 533 sed
593 489 778 531 assiduis
811 489 939 531 uvida
972 503 1140 543 semper
1172 489 1307 544 aquis.

260 550 447 605 hospitis
480 549 647 604 antiqui
679 549 830 591 solitas
862 548 1116 590 intravimus
1149 548 1294 590 aedes:

324 610 568 664 dempserat
599 607 788 650 emeritis
820 608 907 649 iam
939 607 1040 663 iuga
1071 606 1271 649 Phoebus
1305 608 1436 662 equis.

262 669 299 710 is
332 668 440 709 mihi
473 667 608 709 multa
640 667 810 722 quidem
842 666 916 708 sed
947 668 991 708 ct
1020 665 1126 708 haec
1155 680 1332 708 narrare
1365 666 1550 720 solebat,

147 733 232 771 690
323 727 435 768 unde
468 741 610 768 meum
641 740 844 780 praesens
877 725 1161 767 instrueretur
1192 739 1317 780 opus:

265 785 401 828 ‘Hoc'
434 786 496 827 ait
527 785 593 827 ‘in
625 783 799 839 campo'
833 782 1135 841 (campumque
1168 783 1376 841 ostendit)
1408 783 1619 826 ‘habebat

323 859 395 886 rus
427 845 556 887 breve
588 858 684 886 cum
717 844 822 886 duro
854 857 983 898 parca
1015 843 1167 884 colona
1197 843 1302 886 viro.

265 903 340 945 ille
373 917 495 946 suam
528 903 765 958 peragebat
795 903 996 957 humum,
1030 902 1118 943 sive
1150 917 1252 944 usus
1287 903 1419 945 aratri

326 977 401 1004 seu
434 977 588 1005 curvae
619 962 743 1004 falcis
778 962 866 1003 sive
898 960 1085 1003 bidentis
1112 963 1215 1003 erat.

151 1027 232 1065 695
267 1021 374 1063 hacc
405 1021 532 1064 modo
564 1021 763 1063 verrebat
793 1022 982 1062 stantem
1013 1019 1192 1062 tibicine
1224 1020 1394 1076 villam,

327 1095 439 1122 nunc
471 1080 621 1122 matris
654 1079 813 1135 plumis
847 1093 927 1121 ova
958 1079 1140 1120 fovenda
1172 1078 1320 1132 dabat,

273 1142 349 1180 aut
382 1139 538 1180 virides
571 1139 737 1180 malvas
772 1140 847 1180 aut
878 1138 1033 1193 fungos
1066 1136 1232 1192 colligit
1264 1138 1404 1191 albos,

328 1200 403 1239 aut
434 1197 641 1240 humilem
675 1199 800 1253 grato
834 1196 1006 1239 calfacit
1037 1196 1136 1250 igne
1169 1197 1322 1239 focum.

268 1258 311 1298 et
342 1259 487 1298 tamen
521 1256 705 1298 assiduis
738 1257 906 1298 exercet
936 1255 1139 1297 bracchia
1171 1255 1268 1299 telis

151 1321 235 1359 700
327 1316 615 1370 adversusque
647 1315 788 1357 minas
820 1314 996 1369 frigoris
1030 1328 1152 1356 arma
1181 1318 1319 1369 parat.

268 1374 383 1416 filius
415 1374 542 1416 huius
577 1377 668 1416 erat
698 1374 838 1429 primo
870 1373 1056 1415 lascivus
1090 1373 1133 1414 in
1166 1387 1269 1415 aevo

329 1433 635 1488 addideratque
669 1447 805 1474 annos
837 1432 890 1473 ad
922 1432 1005 1473 duo
1038 1432 1175 1474 lustra
1207 1432 1323 1474 duos.

268 1493 305 1534 is
338 1492 455 1546 capit
487 1492 666 1533 extremi
699 1491 871 1546 vulpem
904 1490 1099 1532 convalle
1133 1491 1291 1533 salicti:

330 1551 573 1593 abstulerat
603 1551 761 1592 multas
794 1550 869 1592 illa
902 1549 1093 1591 cohortis
1127 1564 1238 1592 aves.

154 1615 238 1653 705
273 1611 487 1664 captivam
521 1610 681 1664 stipula
712 1609 924 1664 faenoque
956 1608 1137 1650 involvit
1169 1611 1212 1650 et
1243 1609 1363 1664 ignes

332 1669 552 1710 admovet:
585 1670 758 1711 urentes
792 1667 944 1722 effugit
975 1667 1050 1708 illa
1083 1682 1247 1709 manus.

272 1743 358 1783 qua
389 1727 521 1783 fugit,
553 1727 741 1770 incendit
772 1727 953 1769 vestitos
987 1726 1199 1768 messibus
1232 1741 1379 1782 agros,

335 1787 554 1828 damnosis
587 1787 700 1828 vires
732 1786 909 1841 ignibus
942 1800 1046 1827 aura
1078 1784 1220 1827 dabat.

271 1845 435 1888 factum
467 1845 592 1900 abiit,
624 1846 892 1887 monimenta
924 1846 1111 1886 manent.
1161 1859 1261 1886 nam
1293 1845 1436 1887 vivere
1469 1848 1640 1900 captam

157 1909 242 1948 710
332 1919 445 1946 nunc
477 1919 646 1959 quoque
678 1905 748 1946 lex
779 1904 950 1958 vulpem
983 1902 1246 1945 Carseolana
1277 1903 1429 1945 vetat'.

273 1963 418 2019 thue
450 1964 543 2005 luat
572 1978 735 2017 poenas
769 1976 873 2018 gens
905 1962 1029 2016 haec,
1061 1961 1309 2005 Cerealibus
1342 1963 1479 2016 ardet,

334 2036 500 2077 quoque
534 2022 662 2065 modo
695 2025 862 2076 segetes
894 2021 1098 2075 perdidit,
1129 2021 1224 2075 ipsa
1255 2022 1380 2075 perit.

157 2150 291 2186 stande
309 2150 510 2195 (oppidum)
525 2149 589 2185 des
605 2148 748 2194 Cirkus,
761 2149 903 2184 welche
976 2147 1123 2194 zinkige
1143 2147 1283 2193 Hache,
1304 2148 1444 2185 welche
1463 2148 1565 2185 beim
1583 2149 1720 2186 Acker-

156 2197 274 2232 durch
301 2196 382 2232 eine
409 2196 532 2232 Wand
564 2177 816 2232 voneinarider
841 2207 903 2241 ge·
977 2196 1051 2231 bau
1071 2196 1146 2231 viel
1171 2196 1380 2240 gebraucht
1399 2197 1536 2232 wurde.
1570 2196 1720 2233 Abbild.

156 2245 284 2280 trennt
327 2255 451 2280 waren
494 2244 568 2278 und
602 2243 642 2289 je
686 2244 769 2279 eine
808 2242 903 2286 Qua·
975 2242 1010 2279 b.
1036 2242 1132 2277 Rich
1159 2242 1194 2279 S.
1223 2246 1275 2279 78.

157 2291 267 2336 driga
280 2290 524 2334 aufnahmen;
539 2291 700 2336 partitos
713 2291 903 2336 passiv.—
1025 2292 1103 2325 695.
1131 2291 1284 2334 tibicen,
1310 2290 1376 2326 der
1396 2290 1647 2336 Stiitzpfeiler.
1675 2311 1718 2318 —

159 2342 239 2374 681.
258 2339 407 2374 missae:
425 2339 468 2373 in
485 2339 631 2373 circum.
649 2359 692 2364 —
713 2342 793 2384 68ιῖἶ
815 2337 904 2373 Gar·
978 2341 1058 2373 697.
1084 2338 1241 2381 malvas,
1267 2337 1326 2373 die
1351 2337 1391 2372 in
1423 2337 1518 2374 alter
1543 2339 1624 2375 Zeit
1649 2350 1723 2375 von

155 2387 244 2421 secli
273 2385 383 2421 Stadt
412 2386 465 2420 im
492 2384 647 2420 Gebiete
679 2386 744 2421 der
768 2385 904 2430 Aquer‚
978 2384 1050 2419 den
1075 2384 1237 2420 Romern
1256 2384 1331 2419 viel
1355 2392 1537 2430 gegessen
1556 2385 1721 2431 wurden‚

160 2432 296 2469 ostlich
312 2443 384 2468 von
398 2433 492 2467 Rom
513 2443 560 2467 an
579 2432 646 2467 der
667 2433 730 2467 via
742 2432 904 2469 Valeria.
979 2431 1048 2466 wie
1075 2442 1149 2467 von
1174 2432 1247 2467 den
1273 2432 1453 2468 Griechen
1479 2433 1575 2469 noch
1595 2433 1702 2479 jetzt.

160 2500 205 2506 —
233 2484 312 2516 684.
339 2481 527 2525 inqenium
552 2479 644 2515 wird
677 2481 773 2515 auch
805 2481 908 2515 sonet
1031 2482 1109 2514 703.
1142 2480 1292 2515 eoetremi
1322 2480 1481 2516 convalle
1509 2481 1649 2516 salicti.-
1679 2481 1722 2516 in

160 2537 247 2563 vom
261 2526 465 2562 Menschen
489 2527 554 2562 auf
570 2527 641 2562 den
660 2527 907 2562 fruchterzeu-
980 2530 1140 2562 extrema
1170 2528 1278 2562 vallis
1297 2529 1405 2572 parte
1435 2528 1563 2564 salicto
1593 2528 1722 2570 obsita,

163 2574 310 2619 genden
358 2573 481 2609 Acker
535 2574 782 2619 fibertragen,
831 2573 907 2619 vgl.
982 2573 1122 2608 erklart
1141 2573 1279 2619 Gierig.
1300 2594 1343 2599 —
1370 2577 1449 2609 ¹704.
1476 2575 1600 2610 cohors
1624 2572 1722 2620 (χόρ-

158 2621 271 2667 Verg.
310 2632 436 2667 georg.
475 2621 509 2655 II
550 2625 634 2656 177:
675 2632 776 2657 ‘nunc
812 2622 910 2657 locus
982 2622 1076 2666 τος),
1101 2621 1298 2666 (Hi'ihner-)
1322 2620 1412 2663 Hof;
1445 2620 1519 2666 vgl.
1545 2621 1649 2657 Varr.
1676 2621 1722 2657 de

161 2679 334 2704 arvorum
363 2669 533 2715 inqeniis.
567 2688 611 2693 —-
644 2670 722 2704 685.
757 2669 791 2704 S.
826 2669 861 2705 S.
890 2672 908 2703 1
982 2679 1011 2703 r.
1037 2680 1065 2702 r.
1092 2667 1144 2703 III
1170 2672 1202 2711 3,
1227 2673 1263 2703 6:
1289 2669 1362 2703 duo
1385 2668 1579 2704 dumtaaeat
1603 2669 1723 2715 (erant

160 2728 195 2751 v.
223 2719 244 2750 3
270 2715 348 2750 und
372 2717 479 2751 Anm.
505 2735 551 2741 -—-
586 2718 664 2751 688.
700 2716 855 2751 emeritis
881 2729 909 2751 z.
983 2716 1130 2751 aviaria
1153 2716 1226 2751 sive
1250 2715 1439 2760 cohortes).-
1463 2716 1505 2751 in
1523 2716 1641 2760 plano
1666 2726 1722 2751 co-

160 2762 212 2797 111
238 2766 295 2798 43.
981 2762 1065 2798 hors
1095 2763 1136 2797 in
1166 2774 1239 2807 qua
1268 2762 1515 2806 pascebantur
1550 2763 1724 2808 gallinae,

211 2812 290 2844 690.
319 2810 414 2845 unde
435 2826 477 2838 =
498 2810 640 2854 quibus.
982 2829 1026 2835 —
1052 2810 1143 2845 alter
1167 2809 1350 2853 sublimis,
1380 2809 1422 2844 in
1440 2820 1509 2854 quo
1533 2814 1638 2845 erant
1667 2820 1723 2846 co-

212 2860 291 2891 694.
326 2857 451 2892 bidens
476 2857 557 2891 eine
585 2857 765 2900 schwere,
799 2855 907 2891 zwei
982 2857 1124 2892 lambac
1141 2855 1182 2891 in
1201 2856 1365 2891 turribus
1381 2860 1447 2892 aut
1464 2867 1603 2892 summa
1621 2857 1722 2894 villa.
