1826 3126
211 151 297 194 150

835 151 946 187 Ovidi
969 151 1150 186 fastorum

329 259 402 316 qui
431 261 662 315 postquam
695 258 845 300 didicit
875 272 999 300 casus
1030 258 1256 314 utriusque
1289 259 1468 314 sororis,

389 316 538 360 ‘Haec'
569 317 711 372 inquit
743 316 886 359 ‘tellus
919 318 1307 373 quantulacumque
1338 320 1415 361 tua
1446 317 1542 360 est'.

329 380 373 420 et
402 379 549 419 tamen
578 375 759 431 hospitii
792 379 1006 418 servasset
1037 376 1091 418 ad
1121 375 1278 418 ultima
1308 390 1488 420 munus:

391 436 465 478 sed
496 435 645 477 timuit
676 448 858 491 magnas
890 434 1185 490 Pygmalionis
1219 450 1334 491 opes.

217 500 299 539 575
334 493 468 550 Signa
498 497 774 536 recensuerat
804 494 872 536 bis
905 495 970 536 sol
1002 508 1097 549 sua,
1128 494 1283 536 tertius
1314 494 1406 537 ibat

391 567 548 607 annus,
581 555 624 594 et
654 553 784 595 exilio
816 555 931 594 terra
961 553 1152 607 paranda
1182 567 1296 595 nova
1328 556 1405 596 est.

329 613 463 654 frater
495 612 617 654 adest
647 611 844 667 belloque
875 612 997 667 petit.
1046 626 1122 654 rex
1153 626 1274 654 arma
1303 627 1482 667 perosus

390 670 497 713 ‘Nos
530 685 676 713 sumus
707 671 909 726 inbelles,
939 673 987 712 tu
1018 670 1120 727 fuge
1152 670 1341 725 sospesl'
1375 671 1448 713 ait.

329 730 447 772 iussa
477 729 593 785 fugit
623 732 839 785 ventoque
870 731 1008 772 ratem
1039 729 1272 772 committit
1303 732 1346 772 et
1377 730 1523 786 undis3

214 794 299 834 580

389 789 584 844 asperior
615 789 766 844 quovis
800 803 984 844 aequore
1015 788 1151 831 frater
1183 791 1287 831 erat.

329 848 411 890 Est
442 862 577 903 prope
608 848 800 903 piscosos
832 847 1017 903 lapidosi
1048 846 1266 891 Crathidis
1299 862 1447 891 amnes

388 922 548 962 parvus
581 920 702 963 ager:
742 905 951 949 Cameren
981 906 1124 949 incola
1155 907 1284 948 turba
1315 909 1452 950 vocat.

333 967 437 1009 illuc
469 980 617 1008 cursus
649 969 760 1021 erat,
790 980 868 1008 nec
900 966 1074 1022 longius
1108 965 1218 1007 afuit
1247 965 1366 1022 inde,

391 1040 519 1081 quam
552 1027 760 1081 quantum
790 1025 940 1067 novies
972 1025 1143 1066 mittere
1175 1023 1310 1067 funda
1341 1026 1500 1080 potest.

216 1090 300 1128 585
334 1085 429 1127 vela
460 1084 617 1127 cadunt
648 1084 788 1138 primo
821 1086 865 1125 et
897 1083 1028 1125 dubia
1058 1083 1275 1125 librantur
1307 1084 1361 1126 ab
1395 1098 1519 1127 aurat

393 1142 577 1185 ‘Findite
608 1141 805 1198 remigio'
837 1143 984 1185 navita
1015 1142 1125 1184 dixit
1157 1140 1348 1197 ‘aquasl'

333 1203 518 1258 dumque
551 1204 706 1258 parant
736 1203 852 1244 torto
887 1201 1121 1244 subducere
1154 1201 1334 1243 carbasa
1364 1201 1469 1256 lino,

391 1262 631 1316 percutitur
660 1260 814 1316 rapido
846 1260 1003 1316 puppis
1037 1259 1202 1302 adunca
1231 1263 1336 1302 noto

332 1321 462 1376 inque
494 1323 649 1375 patens
681 1333 853 1375 aequor,
884 1319 1047 1361 frustra
1076 1321 1297 1375 pugnante
1328 1319 1552 1376 magistro,

217 1385 302 1424 590

391 1379 542 1431 fertur,
574 1381 617 1421 et
649 1394 701 1421 ex
732 1379 867 1421 oculis
900 1379 993 1421 visa
1023 1378 1188 1434 refugit
1217 1377 1386 1421 humus.

334 1439 542 1481 adsiliunt
571 1438 746 1492 fluctus,
776 1437 949 1492 imoque
981 1452 1007 1479 a
1038 1437 1210 1492 gurgite
1241 1439 1401 1491 pontus

391 1498 586 1551 vertitur,
618 1499 663 1539 et
694 1511 823 1539 canas
856 1497 1004 1538 alveus
1037 1496 1184 1538 haurit
1216 1510 1363 1551 aquas.

332 1557 519 1599 vincitur
552 1571 621 1598 ars
652 1558 796 1598 vento.
845 1570 925 1598 nec
955 1555 1042 1597 iam
1074 1555 1322 1598 moderator
1352 1555 1533 1598 habenis

390 1616 541 1670 utitur,
573 1630 598 1657 a
628 1615 742 1657 votis
775 1614 923 1669 disque
955 1614 1144 1669 reposcit
1176 1628 1313 1668 opem.

214 1679 299 1718 595
334 1675 520 1717 iactatur
550 1674 740 1716 tumidas
773 1673 871 1715 exul
903 1673 1144 1715 Phoenissa
1175 1687 1252 1727 per
1282 1673 1420 1716 undas

392 1733 624 1788 umidaque
656 1733 856 1788 opposita
886 1732 1052 1774 lumina
1082 1734 1203 1774 veste
1234 1732 1357 1787 tegit.

334 1796 438 1835 tunc
469 1792 658 1847 primum
690 1791 802 1833 Dido
833 1790 940 1833 felix
971 1793 1038 1833 est
1069 1791 1183 1833 dicta
1215 1791 1354 1833 sorori

266 1960 346 1992 571.
371 1956 511 1992 utrius:
537 1954 600 1991 bei
618 1955 796 1992 Dichtern
817 1953 873 1989 oft
892 1953 962 1989 mit

215 2004 434 2040 verkfirzter
447 2003 672 2038 Panultima.
689 2011 731 2028 '-
749 2005 827 2037 573.
842 2005 962 2036 tamen

214 2050 266 2087 ist
304 2061 376 2096 eng
417 2051 487 2085 mit
529 2051 627 2095 hosp.
666 2062 710 2085 zu
748 2048 961 2092 verbinden‚
1015 2054 1018 2056 “

217 2098 332 2135 ‘doch
351 2097 605 2143 wenigstens'3
627 2098 702 2143 vgl.
722 2098 809 2131 met.
823 2095 859 2130 II
872 2098 960 2130 336:

215 2145 489 2191 Exanimesque
507 2148 613 2181 artus
627 2145 760 2190 primo,
778 2153 862 2179 mox
881 2153 962 2178 ossa

215 2194 405 2239 requirens
441 2192 601 2237 repperit
635 2202 717 2229 ossa
754 2195 884 2226 tamen.
919 2210 962 2214 —

217 2244 298 2277 574.
332 2240 565 2286 Pyymalion,
596 2239 721 2284 Konig
746 2249 820 2274 von
846 2237 963 2282 Tyrus

217 2288 294 2323 und
319 2287 462 2322 Bruder
487 2287 553 2322 der
576 2286 686 2330 Dido,
718 2285 824 2321 hatte
851 2285 964 2319 deren

219 2334 381 2371 Gemahl
406 2333 571 2379 Sychaus
596 2334 759 2379 gachet,
790 2344 855 2367 um
883 2330 964 2366 sich

220 2382 342 2417 seiner
355 2382 511 2417 Sch'atze
531 2392 576 2416 zu
591 2379 868 2425 bemachtigen‚
888 2389 965 2414 war

221 2430 311 2464 aber
335 2439 409 2464 von
427 2428 537 2472 Dido,
563 2428 624 2464 die
650 2427 730 2463 sich
755 2427 831 2462 und
855 2425 963 2461 ihren

218 2475 419 2511 Reichtum
452 2476 568 2511 durch
598 2474 800 2510 heimliche
828 2473 966 2508 Flucht

219 2523 317 2558 nach
335 2522 469 2557 Afrika
487 2521 565 2558 ihm
586 2524 738 2568 entzog,
764 2522 803 2556 in
823 2520 964 2555 diesem

218 2569 421 2606 Vorhaben
435 2570 634 2615 getauscht
646 2569 808 2605 worden.
824 2588 866 2594 —
883 2571 964 2603 575.

218 2617 345 2663 siyna:
377 2627 405 2653 s.
432 2629 462 2652 z.
488 2620 544 2654 44.

269 2691 350 2723 576.
372 2690 404 2722 et
417 2704 461 2716 =
475 2698 557 2723 cum
577 2688 684 2733 (καί).
701 2707 744 2713 -
759 2688 839 2721 577.
855 2685 966 2730 petit:

221 2735 381 2770 Annam.
407 2754 451 2760 —
481 2738 561 2769 581.
591 2734 748 2778 Crathis,
779 2732 881 2768 Flufs
907 2731 967 2767 bei

222 2781 391 2827 Sybaris,
426 2782 553 2817 trennt
585 2781 643 2816 die
675 2779 859 2816 Lucanier
890 2778 967 2814 und

221 2828 399 2865 Bruttier.
437 2849 481 2855 -
520 2831 600 2863 584.
644 2829 782 2863 mittere
820 2826 968 2862 absolut

225 2876 408 2912 ‘werfen’.
445 2875 530 2921 Vgl.
550 2876 638 2911 met.
659 2874 711 2909 IV
726 2877 803 2910 708.
819 2894 865 2900 -—
885 2875 965 2908 585.

223 2923 302 2959 vela
327 2924 426 2960 cad..·
458 2923 517 2958 die
545 2922 654 2968 Segel
678 2921 810 2958 sinkcn
836 2919 971 2956 schlaff

1033 1927 1221 2036 {erpnten
1246 1952 1333 1989 weil
1357 1952 1424 1988 der
1443 1951 1543 1990 volle
1561 1952 1676 1989 Wind
1701 1952 1784 1988 auf-

1061 2013 1102 2036 or
1123 2028 1130 2037 .

1082 2063 1162 2095 587.
1206 2059 1404 2095 subducere
1448 2057 1585 2094 hinauf
1628 2069 1677 2094 an
1720 2057 1782 2094 die

1033 2106 1181 2151 Rahem
1208 2105 1283 2151 vgl.
1309 2106 1397 2142 met.
1421 2105 1474 2140 XI
1498 2109 1585 2141 483:
1611 2106 1783 2142 antennis

1034 2158 1148 2190 totum
1171 2154 1367 2189 subnectite
1386 2154 1512 2188 velum.
1535 2173 1577 2178 —
1599 2155 1679 2189 589.
1707 2152 1783 2188 Der

1034 2201 1374 2284 qutaqgstersgmvita
1404 2211 1437 2236 v.
1465 2201 1549 2245 586)
1581 2199 1634 2235 im
1665 2198 1785 2236 Schiff

1035 2260 1068 2283 is
1137 2259 1177 2284 er
1247 2258 1461 2283 euermann.

1083 2310 1164 2344 591.
1196 2307 1378 2343 adsiliunt
1402 2307 1458 2352 fl..·
1482 2307 1700 2351 oppuqnant
1723 2315 1784 2342 ca-

1035 2356 1159 2391 rinam
1189 2353 1304 2389 heisst
1335 2364 1375 2389 es
1405 2354 1444 2389 in
1469 2353 1536 2388 der
1559 2353 1784 2389 berfihmten

1037 2401 1284 2446 Schilderung
1315 2400 1419 2436 eines
1446 2399 1612 2436 Sturmes
1643 2400 1684 2435 in
1711 2399 1785 2436 den

1036 2449 1190 2485 Metam.
1224 2448 1295 2492 (XI
1319 2449 1538 2494 475—560)
1570 2460 1603 2483 v.
1630 2450 1711 2483 531.
1738 2466 1784 2473 —

1038 2500 1119 2533 592.
1150 2496 1323 2532 vertitur.-
1354 2496 1476 2537 fulvas
1500 2505 1545 2530 ex
1575 2495 1647 2530 imo
1671 2494 1785 2530 verrit

1038 2554 1183 2588 arenas,
1208 2546 1296 2578 met.
1315 2541 1366 2577 XI
1385 2545 1465 2577 499.
1488 2562 1532 2568 —
1558 2551 1672 2577 canas
1694 2551 1783 2577 vom

1039 2591 1220 2627 Schaume
1246 2587 1418 2635 (πολιάς).
1446 2608 1489 2614 -
1523 2591 1602 2624 593.
1634 2588 1786 2624 habenis

1039 2650 1067 2674 z.
1092 2639 1109 2673 Ι
1132 2641 1189 2673 25.
1213 2657 1256 2663 -
1283 2640 1363 2672 597.
1390 2637 1498 2670 Anna
1521 2635 1687 2671 ft'irchtet
1711 2635 1785 2671 den

1038 2684 1118 2720 Τοᾱ
1160 2683 1228 2719 auf
1262 2683 1348 2718 dem
1385 2681 1508 2718 Meere
1547 2681 1704 2718 deshalb
1744 2692 1785 2718 so

1040 2733 1135 2776 sehr,
1161 2729 1248 2766 weil
1277 2729 1330 2766 sie
1356 2729 1523 2765 dadurch
1548 2729 1613 2764 der
1637 2729 1785 2765 Bestat-

1038 2780 1132 2824 tung
1162 2776 1347 2822 verlustig
1377 2777 1499 2822 gehen
1522 2775 1669 2822 winde,
1701 2775 1785 2812 eino

1000 2827 1003 2830 ⁴
1039 2826 1111 2861 den
1124 2824 1238 2860 Alten
1257 2823 1510 2860 schreckliche
1523 2823 1783 2869 vorstellunffi

1038 2872 1113 2919 vgl.
1143 2885 1172 2909 z.
1197 2871 1239 2907 B.
1271 2873 1360 2906 met.
1386 2871 1438 2906 XI
1463 2873 1549 2906 539:
1586 2874 1692 2907 vocat
1721 2870 1784 2906 ille

1040 2921 1171 2964 beatos,
1194 2919 1331 2964 funera
1348 2929 1436 2964 quos
1454 2921 1636 2955 maneant.
1664 2915 1783 2962 Verg.
